2996 4784
694 315 831 372 Detlevius
849 317 984 373 Wilsdorf

415 483 592 551 reddituros
614 481 817 574 ἡγουμένων.
863 490 901 555 cf.
925 488 990 554 Gic.
1014 489 1066 555 off.
1091 494 1125 572 3,
1149 495 1204 571 211,
1229 494 1278 555 79.
1324 491 1422 558 Verr.

412 608 516 656 accus.
540 592 569 670 3,
592 592 644 668 90,
667 591 738 655 209.

347 691 380 757 0.
404 691 532 774 Marius,
556 709 618 771 quo
641 691 725 757 anno
746 697 875 775 praetor
896 692 999 775 fuerit,
1021 698 1132 776 aperte
1155 691 1233 758 dicit
1248 692 1365 766 Cicero
1378 693 1421 778 ¹):

261 789 342 857 ‘oum
364 792 493 857 —iam
521 792 690 876 septimum
719 812 834 859 annum
858 800 931 877 post
952 798 1133 877 praeturam
1154 793 1275 859 iaceret
1296 830 1340 841 -
1365 831 1421 880 -,

137 886 141 893 ’
261 892 298 972 Q.
320 893 486 959 Metellum
510 930 547 938 —
573 929 614 939 -
638 915 708 963 oum
731 896 772 961 ab
795 915 833 961 eo
855 895 1046 979 imperatore
1069 916 1126 962 suo
1140 896 1276 961 Romam
1298 897 1422 963 missus

262 1001 363 1078 esset,
383 994 479 1079 apud
508 995 661 1079 populum
683 997 860 1062 Romanum
883 997 1066 1063 criminatus
1091 997 1158 1081 est',
1180 997 1211 1062 lr.
1236 1018 1263 1063 e.
1287 1016 1316 1061 a.
1342 1001 1419 1063 646.

262 1095 377 1179 Quare,
399 1096 461 1162 nisi
484 1096 672 1162 Plutarchus
694 1098 947 1181 anachronismo,
972 1118 1066 1180 quem
1088 1097 1233 1181 dicimus,
1260 1097 1420 1185 deceptus

261 1199 367 1280 legem
390 1197 569 1264 Corneliam
598 1196 642 1263 ad
662 1196 755 1261 Marii
785 1197 1090 1266 administrationem
1112 1199 1289 1284 Hispaniae
1312 1206 1418 1266 trans-

262 1300 339 1382 fert,
368 1298 534 1389 provincia
556 1305 646 1364 extra
668 1298 811 1364 ordinem
834 1302 864 1365 ei
886 1301 1055 1368 commissa
1082 1309 1145 1384 est,
1177 1300 1420 1385 quodpropter

262 1400 483 1482 quaestionum
505 1407 729 1485 perpetuarum
752 1421 917 1468 numerum
939 1409 1067 1469 auctum
1089 1408 1156 1469 tum
1178 1403 1296 1468 iamin
1321 1423 1418 1469 usum

260 1501 388 1568 venisse
409 1501 555 1586 potesta)

262 1606 334 1668 642.
354 1603 394 1673 L.
419 1602 607 1687 Calpurnius
629 1603 704 1669 Piso
725 1602 823 1687 Frugi
845 1610 946 1686 praet.
968 1606 1023 1670 ult.
1046 1604 1086 1669 H.

414 1705 497 1788 App.
514 1704 560 1768 Ib.
578 1707 627 1767 99.
642 1701 752 1787 χρόνῳ
776 1702 795 1765 δ
802 1700 810 1724 '
834 1700 975 1786 ὕστερον
998 1701 1221 1770 ἀποστάσεων
1245 1701 1358 1768 ἄλλων
1382 1701 1417 1769 ἓν

411 1795 536 1888 Ἰβηρίᾳ
551 1807 739 1887 γενομένων
752 1802 987 1889 Καλπούρνιος
998 1810 1117 1870 Πίσων
1131 1804 1318 1892 στρατηγὸς
1336 1802 1418 1891 ᾑρέ-

416 1911 464 1991 θη
489 1906 546 1970 καὶ
568 1900 669 1968 αὐτὸν
693 1903 867 1984 διεδέξατο
894 1906 955 1986 μέν
978 1904 1138 1988 Σερούιος
1161 1905 1303 1989 Γάλβας.
1423 1956 1427 1961 .

404 2007 478 2087 dio.
501 2007 590 2072 Verr.
613 2026 716 2074 accus.
741 2014 770 2092 4,
787 2010 837 2090 25,
855 2012 904 2074 56.
928 2007 976 2091 Hi,
999 2028 1071 2074 cum
1093 2015 1179 2075 esset
1200 2009 1233 2073 in
1256 2008 1417 2093 Hispania

413 2113 557 2193 praetor,
588 2127 651 2188 qua
678 2108 711 2173 in
733 2109 898 2193 provincia
919 2109 1042 2176 occisus
1069 2118 1133 2193 est,
1162 2110 1275 2176 anulus
1297 2130 1416 2177 aureus

413 2246 455 2254 —
478 2244 518 2255 —
541 2210 751 2274 comminutus
774 2214 823 2275 est
837 2245 879 2255 -
896 2248 936 2256 -
953 2205 1114 2277 aurificem
1135 2211 1229 2277 iussit
1249 2213 1364 2279 vocari
1384 2213 1416 2278 in

344 2384 347 2389 ¹
413 2310 518 2374 lorum
541 2308 584 2372 ad
606 2310 719 2374 sellam
742 2309 919 2377 Cordubae.

347 2411 422 2477 Piso
445 2409 529 2476 filius
551 2416 599 2476 est
621 2410 705 2494 eius,
729 2409 783 2493 qui
806 2432 834 2476 a.
858 2415 919 2477 609
943 2414 1047 2495 legem
1070 2413 1110 2480 de
1131 2414 1317 2498 repetundis
1343 2413 1414 2481 tulit

261 2518 293 2579 et
315 2533 343 2578 a.
365 2515 425 2576 621
453 2514 562 2580 consul
585 2518 710 2579 creatus
733 2515 821 2595 est.³)
866 2513 1011 2580 Ceterum
1043 2521 1193 2599 praetura
1215 2516 1284 2580 eius
1306 2515 1414 2582 termi-

260 2618 353 2682 natur
375 2620 526 2698 tempore,
550 2633 613 2695 quo
636 2634 851 2681 successorem
870 2615 938 2681 eius
954 2615 1143 2700 Hispaniam
1157 2616 1346 2683 ulteriorem
1361 2616 1414 2684 ob·

260 2717 392 2784 tinuisse
414 2715 540 2781 scimus.

261 2820 333 2883 643.
356 2815 424 2883 Ser.
447 2815 606 2899 Sulpicius
629 2813 735 2880 Galba
755 2822 855 2900 praet.
883 2816 939 2883 ult.
963 2816 1001 2881 H.

413 2917 497 3001 App.
519 2915 566 2981 Ib.
588 2918 638 2981 99.
654 2915 719 2980 ,καὶ
741 2914 843 2981 αὐτὸν
866 2915 1040 2996 διεδέξατο
1063 2917 1124 2997 μὲν
1141 2917 1302 3003 Σερούιος
1325 2917 1413 2984 Γάλ-

413 3024 493 3100 βας,
531 3016 693 3102 Κίμβρων
724 3009 758 3080 δ’
791 3015 1102 3100 ἐπιστρατευόντων
1135 3026 1177 3105 τῇ
1204 3016 1326 3107 Ἰταλίᾳ
1358 3020 1412 3086 καί

414 3119 572 3193 Σικελίας
594 3119 849 3202 πολεμουμένης
869 3117 928 3183 τὸν
949 3116 1105 3203 δεύτερον
1129 3120 1285 3187 δουλικὸν
1308 3120 1412 3187 π’όλε-

413 3242 476 3300 μον
501 3217 660 3300 στρατιὰν
683 3220 744 3300 μὲν
769 3216 802 3295 ἒς
820 3211 964 3302 Ἰβηρίαν
981 3216 1041 3285 οὐκ
1058 3220 1213 3304 ἐ’πεμπσν
1228 3216 1291 3284 ὑπ’
1310 3219 1412 3302 ἄσχο-

415 3319 499 3398 λίας,
523 3323 687 3403 πρέσβεις
711 3318 747 3385 δὲ
771 3317 987 3401 ἀπέστελλον,
1011 3325 1046 3387 οἳ
1067 3321 1125 3388 τὸν
1147 3321 1297 3405 πόλεμον
1315 3322 1411 3406 ἐ’μελ-

413 3422 471 3487 λον
495 3415 562 3505 ὅπῃ
589 3418 742 3485 δύναιντο
766 3421 1040 3509 καταθήσεσθαι.

347 3524 454 3590 Galba
481 3524 593 3589 consul
620 3545 649 3590 a.
673 3528 735 3590 646
758 3545 822 3591 non
844 3529 916 3608 post
937 3546 1055 3593 annum
1078 3532 1139 3593 643
1162 3531 1291 3613 praetor
1312 3526 1409 3593 fuisse

260 3631 375 3713 potest,
398 3626 480 3690 alter
502 3624 654 3692 terminus
670 3626 836 3712 Calpurnii
850 3625 975 3693 Pisonis
996 3633 1146 3713 praetura
1167 3627 1270 3694 datur.
1288 3627 1409 3707 ,Ουτοι
1485 3618 1486 3687 l

260 3728 342 3795 falso
357 3724 569 3810 Zumptiusll,
593 3727 646 3807 qui
669 3729 853 3796 consulibus
875 3728 1021 3795 omnibus
1039 3728 1222 3813 provincias
1237 3729 1408 3796 attribuere

348 3962 371 4026 1)
389 3957 435 4012 off.
452 3957 470 4013 l.
488 3958 506 4012 1.
553 3963 601 4024 ’2)
620 3959 658 4014 cf.
677 3959 844 4030 Marquardt‚
863 3960 1033 4016 Staatsrerw.
1050 3962 1071 4029 I,
1090 3968 1185 4033 p.3'18,
1203 3967 1267 4017 nl.
1337 3966 1363 4027 3)
1380 3957 1408 4012 Si

260 4063 310 4104 suo
328 4060 409 4110 anno,
426 4041 497 4098 filius
515 4048 579 4099 ante
597 4050 645 4100 662
665 4050 745 4100 natus
764 4060 823 4100 esse
840 4045 885 4099 vix
901 4051 1001 4114 potest.
1079 4052 1106 4112 4)
1129 4046 1207 4102 Stud.
1225 4049 1303 4104 Rom.
1321 4066 1347 4119 p.
1366 4047 1405 4100 21.
