2996 4784
429 348 494 402 fasti
510 346 702 415 Hispaniarum
719 347 928 417 provinciarum.
1198 342 1256 405 127

17 570 18 575 η
111 519 261 602 effecisse,
284 526 319 585 ut
341 519 518 588 Trebonius
538 519 738 603 rogationem
759 520 849 585 illam
871 521 978 601 ferret,
1008 520 1065 586 sed
1087 520 1160 603 lege
1181 519 1257 587 'Pre-

111 622 204 688 bonia
226 622 343 705 Nepoti
365 630 438 705 post
462 622 625 688 biennium
640 622 763 688 ‘iustum
784 639 1000 688 successorem
1023 621 1153 688 missum
1177 640 1257 704 esse,

111 729 265 791 mortuum
287 730 393 789 autem
417 742 487 789 esse
502 725 661 808 Nepotem
682 725 779 809 paulo
797 731 878 809 post.
894 759 935 769 -
951 724 1135 790 Praetorem
1150 743 1180 789 a.
1196 727 1257 790 697

112 824 182 893 Sex.
205 823 413 905 Quinctilium
442 824 554 889 laudat
575 826 686 892 Cicero
715 826 876 908 oratione,
905 844 1001 909 qnam
1027 832 1100 909 post
1120 826 1258 892 reditum

111 927 141 992 in
169 932 290 993 senatu·
311 927 476 1011 babuit1),
500 945 594 1008 quem
625 926 761 994 eundem
792 947 864 995 esse
886 933 983 1010 atque
1005 928 1111 1011 illum,
1140 926 1194 1010 qui
1216 927 1258 992 ab

110 1029 219 1095 Asinio
240 1028 388 1094 Pollione
416 1028 503 1114 apud
525 1028 711 1097 Ciceronem
739 1028 936 1113 nominatur,
965 1029 1034 1096 veri
1062 1028 1259 1095 simillimum

110 1129 196 1213 est²l
232 1124 394 1214 Numqui
415 1139 604 1216 propraetor
625 1152 698 1199 eum
715 1151 799 1198 anno
814 1132 959 1215 proximo
976 1130 1147 1215 exceperit,
1170 1129 1258 1212 igno·

108 1252 224 1299 ramus.

110 1335 287 1398 699-703.
297 1333 488 1398 ror-705?
501 1332 557 1399 On.
565 1334 737 1418 Pompeius
748 1335 883 1415 Magnus
892 1353 1016 1418 procos.
1028 1354 1070 1399 ex
1080 1332 1259 1417 plebiscito.

260 1434 329 1500 Liv.
353 1455 403 1519 ep.
430 1440 499 1500 105.
521 1434 607 1501 idem
630 1435 748 1518 (Cato),
768 1455 839 1501 curn
862 1436 968 1519 legem
989 1433 1172 1519 impediret,
1196 1454 1260 1518 qua

258 1535 444 1620 provinciae
467 1536 649 1602 consulibus
672 1537 705 1602 in
731 1536 998 1620 quinquennium,
1027 1537 1181 1622 Pompeio
1203 1536 1258 1611 Hi:

261 1637 403 1722 spaniae,
427 1638 542 1705 Crasso
565 1638 662 1724 Syria
683 1644 715 1704 et
736 1638 921 1703 Parthicum
947 1638 1067 1703 bellum
1090 1638 1258 1722 dabantur,

262 1758 289 1805 a.
310 1739 343 1805 (l.
362 1738 530 1807 Trebonio
546 1740 671 1842 tribpno
693 1740 799 1826 plebis
821 1740 902 1821 legis
924 1747 1053 1807 auctore
1076 1741 1109 1806 in
1130 1740 1261 1807 vincula

263 1839 377 1907 ductus
399 1847 457 1908 est.
502 1841 753 1924 ciFlor.A,2,
779 1844 827 1906 12.
871 1843 958 1908 Eutr.
982 1846 1011 1924 6,
1039 1845 1086 1909 48.
1122 1847 1205 1909 auct.
1229 1841 1259 1907 d.

261 1942 318 2008 vir.
341 1942 386 2009 ill.
411 1947 461 2026 57,
486 1946 514 2008 8.
558 1944 640 2009 Vell.
664 1946 694 2025 2,
718 1946 768 2024 48,
795 1947 820 2006 1.

262 2043 345 2128 App.
362 2044 440 2110 buo.
465 2047 494 2127 2,
513 2048 568 2110 48.
591 2043 790 2127 αἱρεθέντες
814 2038 847 2106 δ’
874 2031 931 2108 οὖν
954 2040 1079 2108 ὕπατοι
1101 2041 1261 2129 Κράσσος

261 2168 298 2209 τε
322 2145 378 2209 καὶ
393 2141 579 2228 Πομπήιος
594 2149 744 2226 Καίσαρι
765 2145 827 2225 μὲν
850 2140 967 2229 ὥσπερ
990 2140 1185 2231 ὑπέστησαν
1199 2145 1260 2232 τὴν

264 2243 382 2329 ἑτέραν
406 2250 605 2312 πενταετίαν
629 2251 948 2332 προσεψηφίσαντο,
972 2245 1066 2312 τὰδὲ
1084 2245 1169 2334 ἔθνη
1186 2247 1260 2312 δια·

263 2343 483 2432 κληρούμενοι
506 2348 564 2413 καὶ
581 2345 740 2432 στρατιὰν
757 2343 816 2413 ἐπ>
835 2341 949 2424 αὐτοῖς
966 2343 983 2413 ὅ
999 2349 1060 2429 μὲν
1075 2347 1261 2436 Πομπήιος

264 2446 372 2513 εἵλετο
400 2445 543 2535 Ἰβηρίαν
571 2473 607 2514 τε
638 2450 695 2513 καί
724 2448 861 2535 Λιβύην
891 2450 948 2515 καὶ
977 2448 1013 2527 ἐς
1045 2450 1149 2519 τάσδε
1182 2451 1261 2531 τοὺς

264 2551 385 2635 φίλους
415 2557 642 2633 περιπέμπων
671 2546 772 2626 αὐτὸς
800 2546 979 2632 ὑπέμεινεν
1006 2550 1042 2618 ἐν
1060 2549 1177 2640 Ῥώμῃ.
1222 2556 1261 2623 of.

264 2652 326 2719 Dio
356 2656 411 2736 39,
435 2657 484 2718 33.
528 2651 963 2719 protestaremur.
1008 2646 1260 2753 Orass515J16.
1336 2690 1339 2695 <

264 2754 355 2822 Caes.
379 2759 429 2821 28.
452 2759 502 2822 36.
546 2756 657 2840 Pomp.
681 2760 731 2821 52.
755 2760 805 2820 53.
1282 2826 1286 2836 ⁸

197 2856 370 2942 Pompeius
391 2859 488 2942 igitur
511 2856 693 2941 Hispanias,
716 2877 780 2924 non
802 2858 952 2941 Africam,
979 2878 1074 2941 quam
1097 2860 1262 2944 Appianas

110 2965 143 3024 et
165 2960 353 3026 Plutarchus
376 2958 509 3042 addunt,
531 2959 700 3044 plebiscito
721 2960 755 3025 in
775 2958 1025 3040 quinquennium
1047 2959 1182 3045 adeptus
1204 2968 1262 3046 est,

110 3067 167 3125 aut
195 3060 271 3127 inde
300 3083 321 3127 a
349 3061 402 3128 dic
429 3062 603 3142 rogationis
624 3062 710 3127 letae
732 3080 834 3143 usque
856 3058 899 3126 ad
922 3058 1059 3126 eundem
1081 3060 1166 3127 diem
1187 3063 1262 3129 anni

111 3169 174 3229 704
197 3169 266 3247 aut,
290 3163 376 3247 quod
398 3164 557 3247 Langicq
580 3163 683 3246 magis
704 3165 870 3247 placel,.a
891 3162 964 3227 Kal.
987 3163 1054 3228 Ian.
1078 3166 1140 3227 699
1163 3183 1263 3246 usque

111 3265 156 3332 ad
177 3265 323 3331 ultimum
346 3263 432 3332 diem
454 3266 528 3331 anni
551 3270 623 3333 703.
667 3264 871 3332 Perdifficilis
899 3264 978 3330 mihi
1001 3263 1131 3346 quidem
1153 3267 1263 3333 etiam·

111 3387 197 3434 nnnc
224 3368 351 3434 videtur
379 3386 450 3433 esse
482 3368 627 3448 quaestio
655 3368 728 3450 illa,
765 3367 912 3448 quamvis
940 3365 1069 3448 egregio
1099 3366 1264 3433 doctorum
1328 3403 1332 3409 ·
1443 3459 1451 3468 ,

111 3470 253 3535 virorum
276 3469 422 3538 acumine
444 3471 486 3535 sit
503 3470 632 3555 saepius
647 3474 792 3552 tractata,
816 3489 857 3535 ex
873 3486 1012 3549 quonam
1027 3466 1080 3531 dic
1094 3466 1264 3551 imperium

111 3571 331 3656 rogationibus
353 3573 482 3655 talibus,
505 3573 619 3652 quales
631 3575 722 3638 crant
737 3569 866 3636 Vatinia
880 3575 913 3635 et
928 3567 1098 3650 Trebonio,
1122 3567 1264 3637 delatum

111 3673 292 3754 valuerit-⁴)
330 3674 503 3757 Utramque
526 3673 609 3739 enim
633 3677 758 3740 constat
778 3671 884 3737 medio
905 3671 973 3737 iere
995 3670 1159 3735 consulum
1180 3691 1263 3739 anno

113 3774 155 3840 de
183 3774 357 3858 provinciis
384 3775 498 3841 iisdem
529 3775 711 3841 consulibus
739 3773 941 3858 assignandis
962 3771 1109 3837 sanxisse
1131 3773 1262 3857 aliquid,

202 3930 227 3990 1)
245 3930 270 3989 9,
289 3929 330 3979 23.
367 3922 400 3977 ci.
419 3923 593 3978 Wehrmann.
611 3923 630 3976 f.
649 3938 691 3992 pr.
709 3938 735 3977 a.
754 3927 813 3977 697.
909 3926 936 3988 2)
958 3921 998 3977 Ol.
1017 3921 1148 3990 Borghesi
1164 3923 1186 3982 Ι.
1203 3925 1263 3976 sto.
1345 3951 1350 3962 ι

115 4016 141 4078 3)
158 4011 191 4064 R.
209 4011 242 4064 A.
260 4009 308 4076 III,
328 4013 385 4063 338.
455 4012 480 4073 4)
500 4008 539 4063 cf.
558 4008 716 4073 Mommsen,
741 4007 793 4062 Die
810 4007 989 4074 Rechtsirage
1010 4006 1144 4061 zwischcn
1162 4006 1262 4062 Caesar

113 4097 171 4152 und
188 4097 247 4151 dem
266 4093 356 4147 Sonat.
392 4093 491 4162 Zumpt
508 4093 526 4148 l.
545 4093 607 4163 lp.
626 4097 657 4147 97
677 4110 734 4163 sqq.
