2996 4784
400 350 465 406 fasti
481 349 675 420 Hispaniarum
692 352 900 421 provinciarum.
1191 353 1232 414 67

73 522 240 592 conditum
251 521 284 607 ¹),
308 522 397 600 aliae
412 543 466 589 res
488 522 661 608 institutae,
677 542 758 606 quas
779 523 923 608 singulas
945 526 1115 611 scriptores
1137 545 1229 593 accu-

72 625 176 692 ratius
204 645 269 691 non
300 624 603 709 enumeravcmnts)
653 625 844 710 Hispaniam
873 625 1232 710 aOarthaginiensibus

73 748 155 814 pace
184 732 257 812 post
286 726 406 793 bellurn
434 727 609 793 secundum
640 727 727 793 facta
756 726 908 793 Romanis
937 747 1122 796 concessam
1151 748 1232 813 esse,

74 849 271 914 quamquam
302 826 474 928 admodum
502 827 643 920 breviter
675 828 847 912 scriptores
882 848 954 896 earn
987 848 1053 896 rem
1086 834 1234 915 tractant,

72 937 185 998 tamen
198 930 401 997 manifestum
416 928 504 1013 5113)
526 929 642 1011 Neque
656 950 734 997 vero
750 949 949 998 successores
961 930 1120 1016 Scipionis
1136 949 1231 1012 quae-

73 1039 179 1100 stores
200 1031 326 1098 fuerunt
348 1038 382 1096 ut
403 1029 436 1095 in
455 1030 575 1115 Sicilia,
597 1050 702 1130 neque
719 1038 894 1116 praetores,
917 1031 984 1113 sed,
1008 1033 1159 1115 quoniam
1182 1052 1234 1100 res

73 1132 235 1200 consulari
257 1132 390 1217 imperio
413 1133 619 1214 exercituque
640 1131 784 1217 iiidigcre
807 1132 996 1218 videbatur,
1025 1134 1093 1201 bini
1114 1132 1232 1217 privati

74 1234 235 1303 consulari
256 1234 391 1319 imperio
412 1234 557 1301 instructi
580 1254 600 1300 a
622 1235 741 1320 populo
764 1233 951 1318 missisunt,
974 1235 1107 1302 dumex
1123 1255 1152 1302 a.
1169 1239 1230 1299 557

72 1337 152 1405 novi
179 1337 247 1403 bini
275 1340 440 1422 praetores
473 1340 676 1418 crearentur,
706 1356 840 1419 quorum
872 1337 967 1422 primi
1000 1344 1133 1424 pacatas
1166 1336 1232 1402 iam

65 1438 257 1524 *provincias
286 1438 381 1504 certis
408 1436 525 1504 finibus
554 1437 812 1504 circumscribere
840 1438 919 1504 iussi
946 1439 1060 1522 suntl)
1110 1436 1233 1518 Quodsi

74 1542 148 1624 quis
170 1547 237 1606 tum
261 1539 389 1606 demum
411 1539 585 1625 Hispanias
607 1538 788 1623 provincias
810 1537 912 1604 iactas
935 1559 1006 1605 esse
1027 1541 1112 1622 vult,
1143 1540 1244 1626 equi-⁴

73 1643 151 1709 dem
164 1663 229 1709 non
248 1640 352 1707 acrius
367 1639 581 1723 adversabor;
606 1638 664 1705 sed
678 1640 751 1722 lege
765 1639 833 1724 illa,
856 1660 953 1724 quam
969 1659 1066 1724 supra
1081 1639 1231 1723 diximus,

5 1763 8 1769 ’
72 1744 195 1826 facturn
216 1743 252 1808 id
274 1761 346 1808 csse
367 1761 467 1825 nego,
490 1742 641 1823 quoniam
663 1761 715 1808 res
737 1743 916 1826 permultae
937 1742 1003 1808 iarn
1026 1746 1122 1808 antea
1144 1761 1229 1807 com-

72 1847 202 1932 positae
221 1842 348 1925 5151115)
370 1862 476 1927 neque
494 1842 608 1910 decem
629 1844 809 1927 legatorum
830 1849 866 1910 ut
887 1843 1063 1928 posteriore
1085 1849 1230 1928 tempore
1293 1884 1295 1888 ν

73 1947 194 2014 mentio
216 1945 292 2029 1116)
320 1943 499 2011 Perfectum
523 1950 632 2010 autern
653 1965 695 2011 ne
717 1950 784 2010 tum
800 1946 930 2028 quidem
945 1965 1017 2012 esse
1032 1952 1109 2028 puto
1125 1965 1230 2011 rerum

5 2128 6 2133 ἵ
72 2047 319 2131 provincialium
341 2046 502 2128 ordinem3
532 2064 608 2111 nam
630 2051 665 2111 ut
687 2045 727 2111 de
749 2047 845 2112 rebus
865 2066 887 2111 a
907 2046 948 2111 M.
971 2044 1085 2111 Porcio
1109 2046 1231 2113 Catone

5 2148 6 2167 ³
73 2170 106 2215 a.
132 2151 193 2212 559
215 2153 247 2214 51
268 2168 288 2214 a
309 2148 358 2215 Ti.
382 2146 571 2231 Sempronio
594 2146 739 2214 Graccho
762 2168 791 2214 a.
812 2146 906 2228 57415
929 2145 1082 2212 institutis
1105 2152 1230 2212 taceam

71 2269 180 2332 neque
209 2258 276 2334 ea,
292 2268 376 2335 quae
406 2249 448 2314 ad
476 2268 594 2314 annum
621 2251 682 2313 583
706 2248 746 2315 de
768 2248 980 2330 vectigalibus
1003 2246 1231 2332 Hispaniarum

73 2351 253 2434 adnotabo,
286 2352 339 2417 bic
373 2369 549 2433 exponam:
572 2368 707 2433 ¹magna
740 2355 808 2416 erat
839 2349 1075 2435 provinciarum
1107 2356 1229 2434 pertur-

73 2454 163 2520 batio
191 2453 277 2521 bello
299 2452 452 2518 Lusitano
477 2452 737 2534 Numantincque
767 2457 851 2534 crta,
881 2471 980 2535 quare
1005 2452 1041 2517 P.
1065 2450 1231 2517 Cornelius

73 2554 184 2639 Scipio
213 2554 413 2620 Aemilianus
442 2574 469 2619 a.
499 2556 557 2617 621
589 2573 652 2618 una
682 2573 753 2618 cum
783 2551 896 2617 decern
928 2552 1044 2634 legatis
1076 2538 1232 2635 ploraque

163 2742 187 2803 1)
204 2739 275 2807 App.
293 2738 335 2795 Ib.
354 2742 395 2792 38.
430 2737 505 2793 Flor.
525 2742 549 2804 2,
570 2741 610 2802 11,
629 2741 643 2789 1
668 2736 781 2806 (Scipio)
804 2733 1009 2806 stipendiariam
1025 2733 1105 2788 nobis
1122 2734 1231 2803 provin-

73 2824 145 2880 ciam
162 2821 235 2878 fecit.
339 2827 365 2889 2)
382 2821 441 2878 Pol.
464 2826 608 2889 11,33,1
628 2821 785 2875 συντέλειαν
805 2818 987 2874 ἐπιτεθεικὼς
1008 2821 1065 2871 τοῖς
1087 2816 1158 2871 κατὰ
1180 2817 1232 2884 τὴν

70 2905 194 2979 Ἰβηρίαν
211 2908 304 2981 ἔργοιο.
322 2907 358 2962 ib.
371 2912 392 2961 8⁴
405 2905 498 2961 πάντα
514 2904 549 2959 τὰ
567 2904 638 2958 κατὰ
654 2903 706 2972 τὴν
721 2902 842 2980 Ἰβηρίαν
860 2901 996 2966 διατάξας.
1066 2907 1093 2968 3)
1110 2904 1169 2958 Liv.
1189 2908 1230 2968 30,

5 3036 7 3053 2
76 2999 116 3059 16,
137 2997 169 3046 16
186 2991 320 3061 Hispania
337 2990 500 3046 abstineant.
536 2988 571 3044 51.
589 2994 636 3055 36,
665 2995 705 3043 31.
731 2995 772 3044 43.
807 2990 879 3059 App.
897 2987 957 3041 Lib.
976 2991 1017 3041 54.
1036 2991 1076 3042 65.
1112 2987 1169 3042 Pol.
1191 2991 1230 3052 15,

75 3083 106 3133 18
124 3077 206 3132 Dind.
242 3077 321 3139 Eutr.
345 3079 369 3142 3,
392 3079 433 3129 21.
504 3077 530 3141 4)
552 3074 610 3129 Lis.
628 3078 669 3141 31,
688 3077 719 3129 21
738 3079 806 3129 extr.
824 3078 857 3128 28
876 3076 944 3128 extr.
969 3071 1003 3125 cf.
1021 3070 1153 3139 Pompon.
1170 3069 1231 3140 Dig.

76 3169 98 3228 1,
113 3167 140 3230 2,
154 3167 178 3228 2,
197 3165 238 3216 32.
265 3161 408 3230 Appianas
425 3159 532 3229 quidem
550 3159 599 3227 (15.
616 3163 659 3226 38)
676 3159 753 3214 utin
771 3158 863 3213 Sicilia
879 3155 942 3212 iude
960 3157 994 3213 ab
1012 3170 1037 3209 a.
1053 3160 1103 3211 513
1121 3155 1185 3223 (Sic.
1205 3159 1230 3209 2.

23 3278 29 3288 ·
73 3248 134 3303 Lib.
156 3249 223 3314 135),
240 3246 280 3300 ita
296 3247 325 3300 in
342 3244 483 3315 Hispaniis
500 3245 563 3300 inde
581 3245 615 3299 ab
633 3260 659 3298 a.
677 3248 727 3300 548
745 3245 773 3310 (1.
791 3259 816 3299 5.
835 3243 876 3297 01.
898 3246 953 3296 144.
978 3239 1012 3295 51.
1030 3240 1089 3296 Ρ51.
1114 3246 1143 3306 1,
1162 3245 1187 3306 3,
1206 3247 1231 3295 1.

74 3337 99 3397 3,
120 3337 160 3399 16,
180 3336 204 3384 7.
232 3333 302 3400 App.
318 3330 359 3385 Ib.
378 3333 404 3394 4)
423 3333 545 3397 ἐτησίους
562 3325 729 3402 στρατηγούς
745 3327 830 3383 fuisse
849 3322 1232 3399 (11611,((110(1,11στρατηγ65

73 3421 107 3472 ut
124 3417 194 3472 solet
210 3420 321 3485 praetor
338 3415 446 3479 dicitur,
463 3416 553 3469 minus
570 3429 664 3469 verum
682 3417 730 3468 est.
792 3418 818 3479 5)
835 3413 878 3466 Dc
895 3426 925 3465 re
942 3410 1120 3484 frumentaria
1137 3425 1161 3464 a.
1171 3413 1230 3464 551.

74 3502 192 3572 primum
211 3506 420 3556 commemorata
437 3500 470 3555 51.
489 3499 658 3569 Marquardt,
676 3498 848 3553 Staatsverw.
862 3497 898 3565 H,
915 3497 1007 3565 Leipz.
1029 3498 1102 3557 1816,
1119 3509 1145 3562 p.
1167 3498 1231 3561 1103

75 3587 109 3642 de
132 3585 248 3640 nummis
271 3600 295 3639 a.
319 3584 510 3640 5591511151
533 3586 572 3640 ib.
590 3601 616 3653 p.
635 3587 680 3645 22;
705 3582 738 3637 de
760 3581 874 3651 metallis
898 3581 935 3635 ib.
951 3597 979 3650 p.
998 3583 1055 3633 245.
1143 3577 1229 3643 6)(11.

74 3669 238 3741 Marquardt
254 3670 272 3723 1.
290 3670 307 3723 l.
325 3686 353 3738 p.
364 3673 423 3723 341.
457 3670 616 3736 Mommsen,
635 3669 750 3723 Staatsr.
769 3666 802 3733 11,
824 3668 858 3732 1²,
876 3683 903 3734 p.
917 3669 966 3720 656
985 3679 1042 3732 sqq.
1069 3662 1232 3730 Marquardt

74 3773 99 3810 v.
117 3755 154 3823 (1.,
180 3771 242 3810 oum
258 3754 407 3823 Hispanias
430 3769 456 3809 a.
475 3758 524 3808 551
548 3755 577 3808 in
598 3752 753 3822 provinciae
769 3750 885 3806 formam
901 3748 1025 3804 redactas
1044 3761 1104 3802 esse
1121 3751 1232 3802 censeat

75 3844 231 3910 propterea,
249 3839 322 3909 quod
339 3841 398 3893 tum
415 3844 555 3908 praetores
572 3839 689 3908 primum
706 3836 856 3892 missisunt
868 3834 1049 3900 (Staatsserw.
1060 3832 1116 3900 I,p.
1127 3836 1229 3900 9911),

75 3925 166 3991 miror,
186 3924 258 3993 quod
275 3940 332 3978 non
348 3921 420 3977 idem
436 3929 624 3992 argumentum
642 3921 677 3977 ad
695 3921 813 3976 Siciliam
834 3922 862 3973 et
879 3918 1031 3973 Sardiniam
1048 3916 1146 3982 attulit,
1164 3930 1231 3984 qua-

75 4021 135 4059 rum
158 4005 274 4060 alteram
291 4021 316 4061 a.
334 4011 400 4074 513,
424 4008 537 4063 alteram
563 4022 589 4062 a.
608 4011 658 4062 513
685 4006 850 4076 provinciam
874 4004 977 4059 iactam
999 4017 1059 4058 esse
1082 4001 1232 4055 arbitratur

75 4089 123 4153 (ci.
139 4091 250 4146 tabulae
269 4092 326 4147 eius
344 4091 365 4154 I,
383 4106 411 4159 p.
430 4095 480 4146 336
498 4096 574 4160 sqq).
1010 4172 1026 4205 *

993 4176 1007 4224 5
