2996 4784
236 306 276 367 76
668 306 959 376 Dedeviuswilsdorf

234 477 432 562 aliquamdiu
460 478 633 560 tranquilla
660 478 747 544 facta
776 485 852 547 erat.
865 481 889 563 1)
940 480 983 544 At
1015 480 1125 545 Livius
1158 479 1226 563 ipse
1258 478 1396 546 Pisonis

165 596 167 603 ⁴
234 581 449 648 testimonium
464 580 568 663 affert,
591 600 653 662 quo
669 580 873 666 Quadrigarii
888 587 920 647 et
930 581 1051 646 Valerii
1065 581 1204 647 Antiatis
1220 580 1261 647 de
1275 581 1396 647 Marcii

221 683 427 751 ‘facinoribus
450 681 619 748 mendacia
640 681 869 767 deteguntur)
912 683 984 750 Huc
1005 681 1138 766 accedit,
1165 682 1251 771 quod
1272 683 1395 749 llutro-

232 787 304 871 pius
327 791 359 851 et
380 783 511 851 Orosius
528 783 712 868 Scipionum
733 784 896 851 interitum
917 792 992 871 post
1005 785 1197 851 Hannibalis
1216 784 1260 850 ad
1274 786 1393 852 urbem

233 907 397 955 accessum
425 886 623 952 rettulerunt,
666 887 780 967 Itaque
808 893 894 953 recte
915 888 1130 954 Mommsenus
1156 886 1293 952 Beckeri
1315 905 1392 952 scn-

232 989 365 1060 tentiam
388 993 515 1053 secutus
537 1009 558 1053 a
579 987 715 1053 Liviana
737 987 908 1055 traditione
935 988 1096 1071 recediti)
1174 1042 1178 1053 .

234 1096 294 1156 543
317 1087 489 1172 (-544?).
519 1087 553 1154 (l.
576 1088 729 1155 Claudius
751 1090 838 1158 Nero
860 1095 1055 1175 propraetor.

171 1173 178 1197 '
387 1191 524 1272 Ι.ἰν.26,
542 1196 589 1256 17.
612 1191 749 1256 Romani
771 1197 878 1274 patres
899 1192 1057 1276 perfuncti
1079 1192 1165 1274 quod
1183 1191 1226 1257 ad
1241 1192 1392 1277 Capuam

384 1293 542 1377 attinebat
564 1312 640 1359 cura
654 1291 689 1357 O.
705 1292 827 1359 Neroni
841 1314 883 1360 ex
897 1293 937 1359 iis
953 1292 1077 1360 duabus
1092 1293 1281 1378 legionibus,
1305 1313 1392 1376 quas

385 1392 429 1458 ad
450 1390 594 1480 Capuam
616 1393 783 1477 habuerat,
806 1414 865 1460 sex
878 1385 985 1461 'millia
1005 1395 1150 1479 peditum
1173 1401 1204 1461 et
1226 1400 1392 1463 trecentos

385 1496 524 1580 equites,
554 1515 634 1577 quos
655 1497 725 1580 ipse
747 1497 893 1580 legisset,
923 1503 956 1562 et
977 1497 1098 1564 socium
1119 1496 1227 1562 Latini
1248 1495 1391 1564 nominis

384 1596 529 1683 peditum
550 1617 716 1664 numerum
737 1616 850 1679 parem
873 1604 905 1664 et
922 1598 1121 1684 octingentos
1136 1598 1260 1679 equites
1275 1596 1389 1664 decer-

384 1705 471 1765 nunt.
501 1718 573 1763 eum
589 1699 763 1765 exercitum
777 1698 922 1767 Puteolis
936 1701 970 1765 in
985 1719 1085 1767 naves
1100 1699 1284 1785 impositum
1297 1698 1390 1765 Nero

306 1861 308 1865 ,
384 1800 417 1864 in
432 1799 622 1883 Hispaniam
644 1800 880 1883 transportavit.
912 1801 952 1866 of,
967 1804 1050 1886 App.
1064 1801 1112 1868 Ib.
1136 1804 1183 1867 rt.
1213 1802 1291 1868 Zon.
1307 1803 1337 1882 9,
1356 1804 1388 1866 7.

384 1902 491 1966 Front.
514 1906 603 1968 strat.
630 1908 656 1984 1,
680 1907 709 1984 5,
735 1904 782 1968 19.

232 2007 292 2068 543
316 2001 346 2084 (t
357 2002 432 2085 544)
461 2004 498 2068 Ρ.
522 2002 686 2070 Cornelius
708 2004 745 2068 P.
767 2003 788 2069 f.
811 2002 919 2088 Scipio
940 2024 1063 2088 procos.
1087 2024 1129 2071 ex
1150 2003 1328 2087 plebiscito.

310 2110 430 2170 -548.

231 2192 233 2198 ’
467 2206 509 2270 Μ.
535 2204 645 2271 lunius
668 2205 796 2271 Silanus
818 2214 1006 2291 propraetor
1035 2227 1076 2272 ex
1098 2204 1386 2273 senatusconsulto.

382 2307 453 2371 Liv.
485 2311 609 2390 26,18.
637 2304 723 2372 iussi
745 2306 862 2373 deinde
888 2308 970 2374 inire
998 2307 1185 2392 suffragium
1214 2306 1257 2373 ad
1285 2328 1388 2373 unum

383 2428 493 2475 omnes
516 2428 579 2475 non
602 2408 763 2474 centuriae
785 2408 880 2476 modo
903 2407 961 2475 sed
984 2410 1079 2476 etiam
1103 2410 1247 2476 homines
1263 2411 1298 2475 P.
1315 2409 1385 2476 Sci-

383 2509 471 2595 pioni
492 2509 662 2596 imperium
684 2530 755 2577 esse
776 2511 810 2576 in
832 2510 990 2596 Hispania
1011 2511 1177 2578 iusserunt
1200 2547 1242 2556 -
1264 2510 1307 2576 ib,
1333 2514 1386 2577 19.

381 2612 423 2679 Μ.
447 2613 554 2679 Iunius
577 2611 706 2679 Silanus
728 2618 916 2697 propraetor
937 2611 1062 2679 adiutor
1084 2612 1127 2677 ad
1150 2632 1200 2678 res
1222 2611 1386 2693 gerendas

382 2714 477 2781 datus
500 2722 557 2781 est.
574 2751 615 2760 -
637 2715 681 2780 ib.
698 2718 747 2779 20.
770 2715 912 2780 Aestatis
935 2714 1003 2779 eius
1026 2720 1178 2795 extremo,
1202 2734 1264 2798 quo
1288 2719 1387 2798 capta

383 2820 431 2882 est
447 2815 558 2900 (lapus
580 2821 612 2882 et
626 2815 735 2900 Scipio
757 2814 790 2880 in
805 2813 994 2899 Hispaniam
1004 2815 1006 2818 ⁴
1016 2814 1113 2881 venit.
1144 2816 1183 2882 cf.
1198 2817 1267 2883 Pol.
1286 2821 1335 2900 16,
1351 2820 1384 2884 2.

381 2918 465 3001 App.
488 2916 536 2982 Ib.
564 2919 609 2982 18.
647 2918 732 2983 Flor.
757 2920 786 3000 2,
810 2921 839 3001 6,
862 2920 912 2983 37.
948 2917 1035 2983 Eutr.
1056 2921 1086 3000 3,
1111 2923 1158 2983 15.
1196 2917 1274 2984 ch.
1298 2921 1327 3001 9,
1351 2923 1384 2984 7.

313 3019 411 3083 Falso
427 3019 593 3103 Appianus
608 3019 650 3084 M.
667 3017 836 3086 Claudium
850 3018 1036 3085 Marcellum
1059 3039 1122 3084 una
1144 3040 1215 3085 curn
1235 3019 1270 3086 (l.
1287 3019 1384 3086 Olau-

228 3120 282 3186 dic
304 3120 432 3185 Nerone
453 3121 486 3184 in
509 3120 698 3205 Hispaniam
720 3121 852 3185 missum
874 3138 946 3185 esse
968 3126 1091 3203 narrat,
1121 3120 1207 3203 quod
1228 3121 1304 3187 inde
1325 3141 1383 3206 ap-

226 3229 329 3307 paret,
352 3219 438 3302 quod
459 3217 545 3286 idem
568 3222 739 3287 Marcellus
762 3221 931 3306 Syracusis
954 3220 1077 3303 dirutis,
1100 3242 1171 3288 curn
1194 3223 1283 3289 exitu
1305 3225 1382 3290 anni

226 3316 362 3391 Romam
391 3321 607 3406 pervenisset,
637 3323 747 3389 consul
775 3323 823 3387 III
849 3323 883 3388 in
912 3343 1031 3390 annum
1058 3328 1120 3387 544
1143 3332 1268 3392 creatus
1290 3324 1382 3409 este)

316 3544 338 3606 1)
357 3542 399 3607 25,
418 3544 450 3596 39
469 3543 537 3595 ext.
607 3542 633 3603 2)
652 3539 670 3592 1.
687 3539 706 3594 l.
777 3545 803 3607 3)
819 3539 980 3609 Mommsen,
997 3542 1074 3596 Rc.
1094 3541 1114 3608 Ι,
1133 3545 1183 3594 621
1201 3530 1241 3610 sq.
1259 3542 1379 3597 Becker:

225 3625 406 3683 Vorarbeiten
429 3642 464 3679 zu
488 3624 563 3678 einer
586 3623 685 3679 Gescb.
708 3623 755 3680 des
779 3629 802 3679 2.
826 3642 892 3696 pun.
915 3627 1027 3694 Krieges
1051 3640 1095 3694 ap,
1119 3625 1286 3680 Dablmann:
1310 3625 1379 3681 For·
1484 3614 1485 3621 '

226 3713 366 3780 schungen
383 3710 419 3774 Π,
433 3714 458 3763 2.
468 3708 539 3762 -Ε
557 3708 663 3780 Polybii
680 3709 795 3766 historia
812 3710 846 3766 de
864 3711 1035 3780 Scipionibus
1053 3710 1120 3764 nibil
1137 3711 1250 3765 relicum
1267 3715 1310 3766 est
1324 3711 1379 3767 nisi

224 3798 406 3865 fragmentum
425 3809 442 3848 a
458 3793 543 3848 Suida
561 3810 582 3850 s.
599 3812 624 3850 r.
643 3793 792 3863 κανθήλιος
811 3800 1010 3862 conservatum,
1035 3795 1108 3864 quod
1130 3808 1190 3849 cum
1206 3795 1266 3850 Lir.
1285 3800 1326 3862 25,
1346 3801 1377 3850 36

226 3879 354 3940 concinit.
390 3878 424 3933 cf.
443 3878 501 3934 Pol.
520 3884 549 3946 9,
574 3884 604 3933 11
628 3885 662 3946 (a.
681 3886 742 3949 511)
764 3882 870 3951 qualem
891 3879 1050 3934 Hasdrubal
1073 3880 1167 3946 (Gisc.)
1191 3881 1220 3935 in
1237 3880 1378 3935 Indibilem

225 3963 436 4036 se'praebuerit.
504 3968 531 4030 4)
549 3963 607 4019 Liv.
628 3969 669 4030 25,
688 3971 730 4021 46.
755 3970 798 4029 26,
816 3970 845 4019 21
867 3981 907 4034 sq.
942 3964 1102 4021 Marcellum
1120 3981 1181 4019 cum
1195 3964 1302 4020 Marcio
1320 3967 1377 4033 Ap·

225 4054 337 4124 pianum
355 4048 509 4105 confudisse
528 4048 642 4114 (Kellcm
661 4050 719 4105 Der
736 4054 759 4104 2.
771 4066 837 4120 pun.
853 4049 937 4119 Krieg
957 4067 985 4104 u.
1004 4051 1078 4106 seine
1096 4049 1221 4119 Quellen,
1245 4050 1379 4118 Marburg
