2996 4784
414 318 479 373 lasti
495 317 690 388 Hispaniarum
706 318 912 388 provinciarum.
1198 320 1239 382 69

79 495 250 576 praetores
278 487 355 556 inde
384 490 427 555 ab
454 510 483 555 a.
514 493 574 555 557
604 509 706 573 usque
735 489 778 556 ad
807 490 917 557 Sullae
949 490 1156 577 dictaturam,
1185 496 1240 577 qui

81 592 225 659 dubitari
249 596 356 676 potest
390 590 549 658 fuerintne
577 611 688 658 omnes
715 591 890 659 secundum
923 611 1077 661 annorum
1109 615 1241 681 praece·

82 693 228 761 dentium
250 691 513 760 consuetudinem
535 699 698 778 praetores
714 694 874 760 consumi
887 693 1022 778 imperio
1033 694 1057 778 1)
1079 715 1120 760 an
1141 696 1166 762 ii
1187 716 1238 764 so·

80 796 161 878 lum,
177 813 257 878 quos
272 793 383 861 Livius
398 794 518 878 aliique
532 794 703 879 scriptores
718 797 925 880 proconsules
939 797 1113 881 appellant,
1129 817 1238 880 quarn-

84 915 182 981 quam
211 899 332 962 certam
362 895 430 962 eius
458 895 595 963 nominis
625 897 781 964 rationem
810 897 1039 965 desideramus.
1050 897 1077 982 2)
1124 900 1239 985 Neque

81 997 159 1064 fasti
174 995 384 1080 triumphales
400 1004 597 1064 constantem
611 997 811 1082 proconsulis
826 999 952 1067 titulum
966 1000 1122 1084 praebent
1133 999 1170 1084 ³),
1193 1001 1239 1067 in·

81 1098 273 1184 scriptiones
295 1105 404 1164 autem
425 1105 459 1165 et
474 1100 597 1166 nummi
612 1099 784 1168 admodum
799 1120 904 1186 pauca
918 1107 1107 1169 conservata
1123 1105 1239 1187 sunt.⁴)
1321 1140 1325 1153 ·

81 1200 190 1280 Quare
205 1200 421 1266 Mommsenus
442 1205 605 1285 praetores
621 1209 654 1268 et
667 1206 890 1287 propraetores
905 1201 1133 1285 Hispaniarum
1147 1224 1239 1289 prae-

84 1301 184 1368 sides
194 1300 251 1366 ubi
271 1299 419 1367 dicuntur
425 1351 434 1384 ,
463 1302 583 1368 iactum
604 1301 640 1369 id
662 1322 734 1370 esse
755 1303 848 1386 dicit,
871 1324 934 1370 non
955 1309 991 1368 ut
1011 1303 1179 1387 imperium
1201 1306 1239 1371 ti·

82 1402 232 1488 tulusque
261 1402 506 1487 significaretur,
536 1402 594 1470 sed
622 1409 657 1471 ut
686 1405 823 1471 comitiis
844 1404 1015 1490 praetoriis
1037 1424 1093 1472 eos
1115 1411 1240 1473 creatos

83 1524 155 1572 esse
176 1505 424 1588 intellegeretur.
454 1504 520 1570 Sed
542 1505 647 1571 habeo
670 1506 756 1589 quod
777 1525 946 1590 opponam.
981 1506 1239 1574 Consentaneum

83 1607 167 1672 enim
199 1613 248 1674 est
276 1624 348 1688 eos,
377 1605 431 1690 qui
459 1607 619 1674 consulari
646 1607 780 1690 imperio
802 1608 990 1691 utebantur,
1019 1613 1052 1672 et
1074 1598 1266 1675 duodenos

82 1708 210 1775 lictores
231 1706 384 1774 habuisse
407 1714 440 1773 et
461 1707 636 1774 exercitum
658 1708 867 1775 consularem.
908 1708 1007 1792 Atqui
1027 1708 1140 1775 Livius
1160 1730 1238 1775 non·

82 1810 179 1876 nullis
201 1809 293 1875 annis
315 1809 349 1874 in
371 1812 505 1892 utraque
520 1810 685 1892 provincia
700 1809 845 1894 singulas
860 1809 1080 1877 tantummodo
1094 1810 1238 1894 legiones

81 1911 181 1978 fuisse
208 1911 420 1995 demonstrat3
447 1910 551 1993 idem,
581 1911 661 1977 Gato
691 1931 762 1977 cum
790 1913 824 1976 in
846 1912 1036 1995 Hispaniam
1058 1911 1238 1980 citeriorem

84 2012 197 2081 consul
217 2011 402 2094 mitteretur,
424 2016 492 2077 tum
513 2012 578 2077 iam
600 2011 760 2078 consulari
782 2017 814 2078 et
836 2011 918 2078 duce
940 2019 977 2077 et
993 2013 1134 2095 exercitu
1158 2034 1237 2098 opus

83 2114 184 2181 fuisse
205 2117 314 2198 aperte
329 2112 424 2196 dicit;
446 2111 637 2180 Plutarchus
652 2119 769 2197 autem,
792 2102 879 2196 quod
895 2113 931 2178 L.
946 2112 1103 2180 Aemilius
1118 2114 1238 2182 Paulus

83 2215 254 2283 duodecim
275 2213 379 2280 fasces
400 2214 544 2297 gerebat,
566 2221 601 2280 ut
622 2213 785 2281 insolitam
807 2234 875 2281 rem
897 2214 1017 2281 laudat.
1060 2215 1155 2283 Unde
1176 2216 1238 2282 hoc

83 2323 168 2384 certe
190 2313 334 2397 sequitur
355 2336 418 2382 non
440 2333 564 2398 omnes,
588 2316 643 2400 qni
665 2315 833 2400 praetoriis
856 2316 993 2383 comitiis
1015 2316 1115 2383 creati
1138 2323 1237 2401 erant,

83 2417 243 2487 consulari
264 2416 398 2502 imperio
420 2416 527 2483 fuisse.
576 2416 646 2483 Hoc
667 2424 775 2484 autem
797 2436 838 2484 an
860 2417 926 2483 alio
947 2417 996 2482 usi
1018 2418 1082 2484 sint
1103 2418 1238 2503 imperio

82 2520 210 2604 singuli,
234 2520 288 2603 qui
310 2523 438 2601 praeter
460 2537 525 2600 eos,
548 2537 628 2601 quos
643 2516 762 2585 diserte
783 2518 990 2601 proconsules
1012 2518 1114 2585 dictos
1135 2519 1234 2586 habe·

81 2642 169 2705 mus,
199 2618 373 2703 Hispanias
401 2618 720 2702 administraverunt,
749 2619 844 2686 certis
872 2619 1067 2701 argumentis
1089 2619 1239 2686 constitui

81 2725 202 2806 nequit.
239 2720 307 2788 Sed
328 2720 410 2787 haec
432 2721 562 2805 quidem
584 2718 779 2802 banterani)
810 2719 929 2787 Iamsi
951 2719 1132 2786 universum
1145 2738 1236 2805 prae·

170 2962 194 3019 1)
212 2956 307 3024 Lange
323 2957 341 3010 l.
358 2956 377 3008 l.
394 2970 421 3024 p.
441 2958 499 3009 782.
535 2956 686 3011 Mommsen
703 2955 720 3007 l.
735 2955 790 3023 lp.
801 2958 865 3015 6283
885 2953 973 3021 quir.
990 2953 1016 3007 d.
1035 2953 1164 3019 quoniam
1180 2953 1238 3021 lege

81 3058 108 3097 a.
125 3046 175 3097 557
193 3040 221 3095 id
238 3041 374 3097 sancitum
394 3054 455 3095 esse
472 3042 566 3108 putat,
591 3039 616 3094 si
638 3041 713 3093 recte
729 3043 812 3106 negat
828 3042 864 3107 (p.
884 3042 944 3103 630)
961 3039 1115 3107 praetorem
1133 3035 1241 3091 consuli

81 3127 235 3182 adiutorem
252 3125 346 3180 datum
363 3124 499 3180 consulari
516 3123 628 3193 imperio
646 3138 727 3179 usum
745 3137 813 3188 esse,
831 3122 1005 3178 statuendum
1022 3120 1074 3174 erit
1091 3121 1121 3177 P.
1133 3121 1238 3176 Manlio

82 3209 218 3281 praetori,
236 3209 283 3279 qui
301 3226 363 3265 cum
382 3209 485 3265 Catone
502 3208 659 3264 consulein
676 3207 837 3278 Hispaniam
854 3209 952 3262 missus
971 3211 1012 3261 est
1033 3221 1056 3260 a.
1076 3211 1134 3274 556,
1152 3207 1237 3275 impe·

81 3297 154 3351 rium
170 3299 249 3350 extra
266 3294 386 3349 ordinem
404 3308 464 3349 esse
481 3292 656 3347 deminutum.
726 3297 753 3359 2)
769 3292 950 3349 Proconsules
967 3290 1060 3346 Livius
1079 3292 1170 3347 decem
1188 3306 1237 3360 ap·

81 3382 175 3452 pellat
194 3395 278 3434 unum
296 3394 329 3434 ex
345 3378 379 3434 iis
389 3379 422 3430 A.
434 3377 592 3432 Terentium
599 3378 751 3433 Varronem
769 3377 851 3431 semel
868 3381 1080 3446 propraetorem,
1097 3364 1237 3443 praetores

82 3465 250 3536 complures;
268 3464 336 3530 duo,
355 3477 423 3532 quos
441 3462 499 3531 ipse
516 3467 706 3532 propraetores
724 3462 797 3531 dicit,
816 3463 846 3516 in
863 3460 979 3529 epitome
996 3458 1172 3528 proconsules
1190 3473 1237 3511 vo·

83 3556 195 3616 cantum
213 3548 261 3603 alii
278 3549 426 3616 scriptores
436 3547 545 3601 circiter
558 3550 687 3616 quattuor
703 3545 880 3616 proconsules
891 3543 1017 3608 afferunt,
1036 3541 1082 3610 qui
1096 3546 1237 3610 praetores

82 3636 168 3691 luisse
191 3633 323 3688 videntur.
360 3632 494 3702 Equidem
516 3632 546 3686 in
569 3632 648 3688 fastis
669 3634 720 3687 hos
742 3632 814 3687 viros
833 3627 972 3699 ‘procoss’
989 3626 1122 3682 vocabulo
1139 3625 1237 3681 litteris

84 3719 198 3776 cursivis
220 3733 348 3788 expresso
367 3716 537 3786 distinguam.
625 3720 651 3783 3)
668 3717 795 3773 Procoss.
813 3713 851 3767 M.
870 3712 980 3767 Helvius
1001 3715 1035 3776 (a.
1054 3714 1130 3777 557),
1151 3709 1236 3765 Dola·

83 3805 155 3860 bella
173 3807 259 3871 (656),
284 3801 322 3855 M.
339 3801 443 3871 Pupius
460 3800 525 3856 Piso
543 3805 622 3869 (685).
707 3805 734 3867 4)
752 3798 793 3854 cf.
811 3798 841 3852 0.
859 3797 965 3852 Annius
988 3797 1095 3851 Luscus
1112 3798 1147 3860 (a.
1166 3799 1236 3861 673),

85 3889 114 3958 Q.
123 3889 228 3945 Fabius
239 3887 341 3949 Labeo,
359 3886 406 3940 Μ’.
416 3885 525 3955 Sergius
543 3904 568 3956 p.
582 3891 616 3941 94
625 3902 665 3956 sq.
723 3889 750 3950 5)
767 3883 891 3937 Aliarum
902 3881 1102 3951 provinciarum
1114 3878 1236 3947 inprimis

85 3974 166 4029 Asiae
189 3971 366 4042 proconsules
392 3971 472 4026 buius
499 3971 605 4040 generis
632 3971 761 4027 collectos
790 3966 910 4022 invenies
941 3953 1014 4034 apud
1040 3965 1237 4021 Mommsenum

84 4057 199 4126 scater.
217 4057 253 4124 11,
272 4059 312 4125 1²,
333 4074 360 4126 p.
378 4061 437 4112 ena.
