2996 4784
410 316 475 371 lasti
491 316 685 385 Hispaniarum
703 317 909 385 provinciarum.
1181 318 1239 377 117

19 540 21 547 ,
85 508 113 554 e.
138 507 167 552 a.
192 490 254 550 674
280 508 310 553 a.
340 486 370 552 d.
399 489 453 553 IV.
481 488 528 554 Id.
559 490 649 554 Mart.
672 487 915 573 triumpharit1),
936 490 1101 555 Murenam
1123 494 1241 574 antem,

85 588 158 655 sive
180 587 207 653 is
230 594 279 653 cst
300 587 370 653 sive
384 590 521 655 Flaccus
544 591 612 657 sive
634 589 727 671 alius,
751 589 862 673 quiin
883 591 974 656 fastis
996 591 1241 676 triumphalibus

83 696 162 775 post
184 687 312 754 Sullam
330 711 358 754 a.
376 694 437 755 673
461 691 654 776 triumphum
678 690 783 771 egisse
804 690 929 773 dicitur,
952 698 1039 757 certo
1055 697 1129 759 ante
1147 694 1239 760 Pom·
1341 746 1359 758 .

85 792 196 876 peium
219 790 431 874 triumphasse
453 799 701 859 consentaneum
724 792 780 875 sit,
808 791 992 858 Licinianus
1015 792 1067 858 hic
1089 796 1241 877 temporis

85 894 232 960 ordinem
254 893 445 960 observasse
467 914 530 959 non
551 899 666 978 potest.
710 895 926 960 Mommsenus
950 892 1088 978 quidem,
1115 895 1241 961 cumin

84 995 180 1076 libro,
204 1014 299 1076 quern
323 993 363 1058 de
385 1015 420 1060 rc
441 996 621 1062 nummaria
642 996 857 1063 Romanorum
879 994 1006 1079 scripsit
1017 993 1052 1079 ²),
1076 1016 1104 1062 a.
1122 1000 1182 1062 673
1207 998 1240 1063 0.
1309 1062 1316 1067 ,

85 1095 225 1162 Annium
247 1096 385 1161 Luscum
409 1095 599 1180 Hispaniam
627 1104 797 1179 utramque
826 1118 844 1163 e
870 1097 983 1164 Sullae
1008 1098 1162 1164 arbitratu
1185 1099 1240 1165 ob-

86 1197 221 1263 tinuisse
244 1196 394 1280 dixisset,
424 1198 457 1262 in
480 1197 613 1265 historia
634 1217 693 1264 sua
714 1199 859 1265 Romana
869 1198 894 1282 3)
916 1199 962 1264 sic
983 1218 1051 1264 rem
1073 1198 1134 1264 sibi
1157 1219 1240 1265 com-

85 1298 204 1383 posuit,
227 1304 261 1363 ut
282 1299 418 1365 Flaccus
441 1306 474 1365 et
495 1299 617 1366 Annius
639 1301 761 1366 Luscus
783 1300 878 1367 simul
900 1301 933 1366 in
955 1299 1129 1383 Hispanias
1151 1300 1241 1367 missi

15 1394 17 1401 ’
86 1400 172 1483 sint,
196 1402 277 1466 alter
304 1400 464 1467 ulterioris
490 1401 674 1484 provinciae
696 1404 883 1486 proconsul,
912 1402 993 1467 alter
1016 1400 1186 1483 citerioris,
1210 1408 1243 1468 et

85 1509 215 1587 postea:
246 1500 414 1585 ‘Spanien,
443 1502 560 1585 inquit,
595 1504 774 1569 unterwarf
799 1502 868 1568 sich
897 1502 1025 1568 hicrauf
1050 1502 1152 1587 willig
1180 1502 1242 1569 den

87 1603 304 1671 sullanischen
327 1604 481 1670 Bcamten
509 1602 576 1685 (um
607 1603 684 1689 673)
713 1603 778 1669 und
800 1605 935 1671 Flaccus
963 1603 1052 1670 locht
1080 1603 1242 1687 glttcklich

87 1706 146 1771 mit
174 1704 237 1770 den
261 1706 393 1787 Kclten,
425 1704 524 1771 durch
547 1705 646 1771 deren
668 1705 785 1772 Gebiet
807 1726 842 1771 er
864 1704 1066 1787 marschirtc,
1097 1705 1162 1770 und
1184 1704 1243 1770 mit

13 1868 14 1875 ,
89 1807 150 1872 den
180 1805 371 1890 spanischen
393 1807 604 1872 Keltiberem‘
620 1804 729 1890 (674)]
774 1808 845 1874 Ηοο
871 1808 1007 1875 alterum
1035 1805 1114 1870 mihi
1139 1806 1242 1872 minus

89 1907 256 1993 probabile
279 1906 405 2003 videtur
427 1926 532 1989 neque
547 1908 640 1974 aliter
655 1927 760 1974 rerum
776 1909 964 1992 scriptorum
979 1906 1151 1989 silentium,
1171 1928 1242 1973 cum

91 2010 131 2075 dc
147 2009 248 2076 Annio
264 2011 367 2075 Lusco
392 2008 508 2091 dicant,
531 2010 609 2076 satis
632 2009 747 2075 mirum
771 2009 932 2093 explicare
954 2027 1083 2092 possum
1104 2007 1166 2072 nisi
1180 2008 1241 2073 ita:

92 2111 234 2193 Flaccus,
266 2109 319 2192 qui
343 2110 483 2176 Galliam
505 2110 702 2196 provinciam
724 2110 869 2175 Mariana
890 2108 1029 2175 factione
1050 2127 1118 2174 rem
1139 2108 1242 2192 publi-

91 2231 160 2277 cam
190 2212 352 2278 obtincntc
380 2211 516 2296 adeptus
546 2218 631 2296 erat,
661 2231 732 2277 cum
755 2212 847 2285 Sulla
873 2212 907 2276 in
928 2210 1056 2276 Italiam
1085 2208 1241 2291 rediisset,

90 2332 192 2397 aequa
212 2319 311 2395 >atque
333 2314 375 2378 M.
394 2312 547 2378 Fonteius
570 2313 625 2379 ille
648 2314 764 2379 absens
786 2333 899 2397 pacem
922 2332 993 2378 cum
1015 2312 1136 2378 victore
1157 2311 1241 2395 fecit,

11 2472 12 2499 ,
90 2433 185 2496 quam
208 2414 383 2480 amicitiam
405 2421 440 2479 ut
455 2395 664 2497 conhrmarct,
688 2413 941 2499 Hispaniamilli
956 2412 1162 2479 reconciliare
1177 2418 1241 2478 stn-

90 2516 156 2582 duit
167 2515 212 2599 4),
244 2515 362 2581 frustra
384 2514 530 2598 quidem,
559 2521 594 2582 ut
615 2514 758 2596 videtur,
788 2534 860 2579 cum
886 2513 920 2579 O.
943 2513 1083 2580 Annium
1105 2516 1242 2580 Luscum

11 2648 12 2671 r
90 2637 215 2699 quoque
238 2617 321 2682 mitti
344 2622 512 2702 oporteret,
535 2623 676 2683 attamen
699 2616 791 2683 Sulla
812 2620 943 2700 propter
956 2614 1015 2679 illa
1029 2613 1062 2678 in
1078 2633 1113 2679 sc
1128 2615 1242 2681 merita

11 2676 13 2769 λ
88 2720 205 2785 Flacco
228 2717 423 2802 triumphum
446 2719 611 2785 concessit.

11 2772 13 2849 λ
54 2830 60 2840 ‘
90 2824 160 2885 673.
186 2821 220 2886 0.
242 2818 365 2884 Annius
388 2820 508 2885 Luscus
533 2817 762 2903 (propraetor)
783 2837 906 2903 procos.

242 2920 325 2985 Plut.
350 2920 431 2985 Sert.
454 2924 482 2986 7.
503 2917 558 2997 Ὡς
583 2920 619 2985 δὲ
636 2918 761 2985 Σύλλαν
784 2920 845 2998 μὲν
865 2916 1078 2983 ἐπυνθάνετο
1094 2913 1242 3003 τῆςῬιά-

240 3044 306 3105 μης
337 3020 621 3107 κρατεῖν,”έρρειν
653 3021 690 3087 δὲ
719 3019 778 3105 τὴν
803 3024 942 3103 Μαρίου
973 3021 1028 3083 καὶ
1056 3016 1241 3101 Κάρβωνος

244 3120 372 3199 στάσιν,
390 3117 509 3188 αὐτίκα
524 3123 726 3208 προσδοκῶν
745 3120 904 3207 στρατιάν
921 3118 1241 3205 διαπολεμήσουσαν

243 3220 332 3307 αὐτῷ
356 3219 441 3304 μεθ)
467 3218 632 3309 ἡγεμόνος
654 3221 863 3311 ἀφίξεσθαι,
890 3220 1078 3306 φράγνυται
1104 3220 1146 3284 τὰ
1169 3227 1242 3286 Πυ-

244 3334 365 3410 ρηναῖα
395 3320 455 3410 ὅρη
491 3323 548 3388 διὰ
573 3321 708 3390 Ἰουλίου
738 3321 964 3405 Σαλινάτορος
996 3322 1242 3402 ἑξακισχιλίους

245 3421 386 3500 ὁπλίτας
416 3423 559 3505 ἔχοντος.
604 3427 672 3490 Καὶ
700 3421 777 3507 μετ’
803 3421 840 3489 οὗ
870 3423 957 3488 πολὺ
989 3429 1017 3487 Γ
1015 3423 1090 3500 άϊος
1106 3420 1241 3501 ’Ἀννιος

243 3524 462 3613 ἐκπεμφθεὶς
484 3520 551 3590 ὑπὸ
575 3525 682 3591 Σύλλα
706 3528 761 3591 καὶ
784 3524 842 3590 τὸν
861 3521 996 3589 Ἰούλιον
1021 3521 1240 3607 άπρόσμαχον

242 3623 331 3709 ὁρῶν
354 3626 389 3693 ἐν
414 3625 533 3712 ἀπόρῳ
557 3633 713 3715 καθῆστο
738 3625 832 3710 παρὰ
857 3637 932 3701 ταῖς
961 3621 1157 3709 ὑπωρείαις.
1203 3625 1240 3693 ef.

244 3729 323 3795 Sall.
346 3729 377 3794 h.
399 3729 435 3793 fr.
462 3734 489 3810 1,
514 3732 650 3793 59-64.
694 3727 763 3793 Liv.
787 3747 836 3811 ep.
860 3729 910 3790 96.
953 3725 1043 3792 Oros.
1068 3733 1097 3808 5,
1120 3728 1171 3790 23.

91 3834 294 3844 ——-——-—-

94 3922 97 3927 ,
177 3885 201 3946 1)
226 3877 266 3932 Of.
284 3878 379 3946 Lange
397 3876 429 3930 R.
447 3878 480 3931 A.
498 3877 553 3944 111,
574 3879 630 3930 169.
664 3875 816 3931 Mommsen
833 3874 867 3929 R.
885 3874 917 3929 G.
935 3875 976 3942 Π,
995 3878 1043 3929 362
1068 3888 1169 3927 annum
1191 3879 1240 3928 675

91 3966 211 4031 praebet.
282 3965 308 4027 2)
331 3978 358 4030 p.
377 3965 425 4016 660
444 3978 470 4015 n.
489 3967 546 4016 393.
616 3963 641 4024 3)
665 3960 777 4027 11,331.
849 3965 874 4027 4)
899 3959 971 4014 Num
989 3959 1105 4013 Flaccus
1123 3964 1150 4012 et
1167 3957 1240 4019 Fon·

93 4048 161 4104 teins
179 4047 205 4101 οἱ
223 4045 352 4121 πρότερον
370 4051 519 4117 στρατηγοί
534 4047 604 4115 App.
623 4046 648 4100 h.
667 4061 690 4100 c.
712 4050 734 4112 l,
754 4044 806 4098 86?
