2996 4784
423 329 487 385 fasti
504 330 698 400 Hispaniarum
715 331 923 398 provinciarum.
1212 329 1252 391 93

93 503 287 571 Canuleium
311 522 339 567 a.
365 505 426 567 583
448 520 567 586 paucos
589 501 762 567 admodum
788 521 913 568 menses
934 523 986 569 res
1007 503 1051 569 ibi
1073 492 1212 585 gessisse
1235 525 1253 570 e

92 604 367 691 praecedentibus
389 589 592 670 manifestum
614 603 664 669 sit.

94 710 173 773 585.
196 708 237 773 M.
261 704 415 773 Claudius
437 705 609 771 Marcellus
630 710 760 797 praetor
781 703 946 785 utriusque
966 707 1158 787 provinciae.

129 895 132 900 ¹
252 809 321 872 Liv.
353 812 409 889 43,
441 812 490 872 15.
518 827 593 872 555
622 812 787 891 praetores
816 812 947 891 propter
974 808 1051 873 iuris
1080 807 1253 877 dictionem

253 909 407 975 maturius
435 908 538 974 sortiti
567 915 656 975 erant
679 945 718 953 —
744 944 780 953 -
812 908 1001 992 Hispaniam
1029 910 1070 977 M.
1100 911 1253 981 Claudius

253 1011 431 1077 Marcellus,

185 1114 283 1179 Recte
305 1112 434 1195 quidem
450 1111 694 1194 Mommsenus1)
717 1109 813 1177 dixit:
836 1109 887 1177 ‘M.
905 1110 1058 1178 Claudius
1072 1116 1252 1201 Marcellus,

95 1215 158 1281 der
179 1215 279 1282 schon
301 1216 350 1281 als
364 1215 498 1280 Praetor
514 1217 575 1278 586
591 1212 659 1278 sich
674 1213 708 1277 in
723 1211 865 1296 Spanien
883 1215 1128 1297 ausgeneichnct
1143 1217 1251 1304 hatte',

95 1318 157 1384 sed
180 1316 357 1383 cavendnm
380 1320 438 1400 est,
460 1332 501 1379 ne
523 1315 605 1381 falso
626 1315 851 1400 interpreteris.
881 1316 1014 1382 Praetor
1035 1316 1119 1382 enim
1142 1338 1251 1400 quam-

94 1418 148 1484 vis
178 1419 348 1484 Marcellus
378 1437 407 1482 a.
438 1420 499 1481 585
521 1416 639 1499 155511,
667 1415 853 1499 provinciae
881 1421 989 1482 tamen
1019 1417 1252 1491 administratio

95 1524 195 1602 atque
225 1539 307 1602 quae
334 1519 500 1601 praeclare
521 1518 555 1583 15
576 1517 734 1602 Hispania
757 1518 873 1600 gessit,
903 1539 1053 1603 magnam
1074 1530 1198 1609 partem
1219 1524 1252 1589 in

97 1642 219 1688 annum
241 1627 426 1704 sequentem
448 1619 604 1703 55415551)
633 1620 691 1685 Est
714 1624 821 1685 autem
835 1620 1007 1685 Marcellus
1028 1622 1163 1706 insignis
1186 1624 1250 1708 ille,

97 1723 155 1807 qui
177 1724 304 1790 tertium
326 1723 435 1788 consul
457 1722 491 1787 in
512 1721 670 1805 Hispania
690 1722 805 1788 iterum
827 1723 1021 1807 pugnavit.3)

98 1828 172 1891 586.
193 1826 229 1893 P.
252 1824 405 1891 Fonteius
427 1822 547 1888 Balbus
569 1829 697 1907 praetor
718 1823 883 1905 utriusque
904 1824 1098 1908 provinciae.

252 1928 322 1992 Liv.
346 1931 396 2007 44,
423 1929 458 1989 11
484 1929 562 1990 extr.
585 1924 788 2008 praetoribus
809 1932 937 2011 praeter
959 1925 1039 1991 duas
1061 1926 1251 1998 iurisdictio-

252 2048 309 2094 nes
330 2028 363 2094 in
385 2028 465 2092 urbe
487 2026 599 2092 classis
620 2032 654 2091 et
676 2025 832 2111 Hispania
861 2033 894 2092 et
916 2025 1026 2092 Sicilia
1049 2032 1081 2093 et
1102 2029 1252 2098 Sardinia

251 2129 435 2214 provinciae
464 2129 647 2194 nominatae
674 2135 811 2193 sunt-
836 2163 873 2174 -
896 2163 940 2175 -
963 2130 999 2193 Ρ.
1023 2131 1174 2198 Fonteius
1196 2132 1251 2198 Hi-

206 2234 215 2241 '
252 2232 398 2316 spaniam
420 2229 485 2312 (est
506 2229 660 2310 sortitus).
720 2276 731 2287 .

98 2336 170 2400 581.
195 2332 251 2398 Gn.
274 2333 407 2399 Fulvius
430 2332 516 2398 (tillo

193 2434 229 2500 0.
253 2435 393 2500 Licinius
418 2433 527 2498 Nerua

254 2537 322 2602 Liv.
345 2542 396 2618 45,
422 2538 461 2599 16
481 2536 524 2600 in.
547 2534 584 2611 Q.
607 2534 700 2600 Aelio
723 2536 764 2600 M.
786 2534 878 2600 Iunio
908 2534 1090 2602 consulibus
1117 2538 1158 2602 dc
1179 2561 1250 2624 pro-

251 2638 365 2704 vinciis
394 2636 603 2705 referentibus
633 2654 784 2703 censuere
816 2640 924 2721 patres
956 2635 1037 2702 duas
1070 2640 1279 2721 provincias·

253 2740 441 2826 Hispaniam
464 2757 573 2806 rursus
593 2737 673 2820 fieri,
696 2755 779 2819 quae
801 2757 865 2802 una
886 2757 943 2822 per
966 2738 1085 2805 bollum
1103 2740 1249 2808 Macedo-

254 2841 358 2906 nicum
386 2842 499 2908 fuerat.
522 2876 564 2887 -
591 2845 626 2887 -'-
649 2846 832 2926 praetorum
860 2845 962 2906 sortes
991 2840 1093 2908 fuere:
1122 2878 1164 2888 -
1194 2843 1251 2910 Cn.

254 2943 361 3007 Fulvii
381 2942 539 3024 Hispania
561 2941 697 3023 citerior,
720 2941 754 3006 Ο.
778 2941 892 3007 Licinii
914 2941 1042 3007 Nervae
1067 2945 1207 3010 ulterior.

186 3045 220 3111 G.
237 3044 394 3110 Licinium
409 3044 551 3109 Nervam
572 3043 644 3109 oum
659 3043 696 3106 T.
712 3041 860 3122 Quinctio
883 3049 915 3108 et
929 3043 971 3108 M.
988 3042 1121 3110 (1551515
1136 3045 1251 3113 Rebilo

1 3165 2 3226 j
96 3133 326 3241 in'l'hraciam
355 3146 487 3211 55155515
515 3165 586 3212 esse
613 3145 695 3213 infru
722 3145 808 3230 apud
830 3144 956 3210 Livium
978 3143 1167 3230 legimusli‘,
1193 3148 1280 3216 scd

98 3266 205 3329 neque
235 3247 276 3313 de
304 3247 538 3330 permutatione
564 3246 798 3332 provinciarum
828 3265 932 3328 neque
959 3247 1000 3314 de
1022 3248 1118 3314 rebus
1138 3250 1173 3315 in
1195 3251 1251 3316 Hi·

585 2388 701 2468 praett.

1 3329 2 3398 Ῐ
99 3350 215 3433 spania
235 3350 334 3432 gestis
356 3350 527 3431 quicquam
541 3348 712 3432 invenitur;
737 3347 874 3415 eundem
889 3354 997 3415 autem
1013 3351 1151 3417 Nervam
1167 3357 1248 3418 utro·

99 3469 163 3533 que
191 3451 262 3517 loco
292 3449 412 3517 dictum
440 3470 529 3533 esse,
559 3449 906 3533 55551555555555)
929 3450 991 3515 sibi
1013 3453 1187 3536 persuasit,
1216 3460 1252 3520 ut

98 3550 328 3633 existimemus,
351 3553 438 3618 nullo
460 3552 556 3617 modo
578 3551 759 3635 cogimur.⁶)

100 3654 173 3721 588.
201 3654 218 3717 1
246 3654 285 3718 A.
307 3653 448 3719 Licinius
470 3654 579 3719 Nerva

202 3755 219 3818 1
245 3755 281 3821 Ρ.
304 3755 442 3822 Rutilius
465 3755 587 3825 Calvus
655 3709 769 3789 pram

99 3859 306 3869 -—--—-——

188 3909 212 3971 1)
232 3904 263 3958 R.
281 3903 313 3959 G.
332 3904 368 3972 II,
385 3922 412 3974 p.
431 3909 455 3959 6.
526 3903 610 3973 1)(11,
629 3902 1019 3967 (1555111551551515454.
1090 3903 1173 3968 3)(11.
1193 3905 1249 3961 Cio.

97 3989 154 4044 Pia.
176 3992 214 4056 19,
232 3993 281 4061 44.Ι
348 3993 374 4056 4)
396 3994 439 4054 45,
457 3992 490 4043 41
509 3993 578 4044 extr.
655 3991 681 4054 5)
704 3988 752 4057 IV,
770 4004 796 4057 p.
816 3992 871 4042 196.
942 3993 968 4053 6)
992 3987 1109 4042 librarii
1125 3989 1154 4042 in
1171 4005 1250 4059 prae-

96 4073 208 4129 nomine
225 4079 273 4128 aut
292 4074 448 4142 cognomine
466 4074 532 4141 eius,
551 4074 596 4143 qui
613 4074 642 4128 in
654 4073 800 4128 Thraciam
816 4071 915 4127 missus
931 4075 980 4140 est,
998 4087 1105 4127 errasse
1116 4074 1248 4129 videntur.
