2996 4784
440 311 503 367 fasti
520 310 714 381 Hispaniarum
731 312 941 381 provinciarum.
1222 314 1262 375 73

106 482 299 567 Hispaniam
321 481 459 568 pedihus
479 483 526 550 ire
549 484 705 567 solebant,
727 492 771 569 ut,
798 485 825 550 si
849 487 920 569 quis
941 485 1117 571 navigaret,
1144 487 1179 552 id
1200 508 1264 555 non

107 586 178 652 sine
201 590 298 651 certa>
311 603 409 651 causa
429 585 549 653 fecerit.
557 586 581 668 ¹)
618 587 667 652 Ac
688 586 858 655 Caesarem
883 606 1008 671 quoque
1031 593 1139 654 a‘708
1160 591 1263 657 Roma

108 688 327 754 Tarraconem
348 686 489 772 pedestri
508 687 623 754 itinere
638 688 841 756 contendisse
856 696 986 771 narrant
1000 696 1033 756 et
1045 711 1119 758 eum
1135 692 1263 774 quidem

108 795 260 874 quattuor
281 794 313 855 et
334 789 449 874 viginti
471 788 622 872 diebus2)
645 791 698 858 vel
720 791 834 873 viginti
849 796 971 878 septem
983 790 1018 876 ³),
1042 812 1138 875 quam
1154 795 1264 861 celeri-¹

108 896 209 957 tatem
231 909 426 975 magnopere
440 891 608 977 Appianas
631 891 815 976 admiratur,
838 897 923 959 recte
945 913 983 960 ac
1005 895 1118 962 merito
1138 895 1172 960 id
1194 896 1262 980 qui-

109 993 198 1076 dem;
227 991 309 1059 illud
337 1012 413 1059 vero
444 992 530 1075 quod
550 991 727 1078 βαρυτάτῳ
752 1000 883 1077 στρατῷ
906 993 1076 1062 Caesarem
1101 996 1162 1063 iter
1181 997 1263 1064 illud

107 1095 224 1162 fecisse
246 1093 346 1178 addit,
369 1094 528 1161 humanae
549 1103 682 1162 naturae
704 1093 834 1162 modurn
857 1095 1025 1178 exceditll

196 1195 479 1264 Considerandhus
507 1197 600 1281 nobis
625 1197 690 1264 iarn
719 1218 829 1264 omnes
859 1197 1016 1265 eiusmodi
1036 1199 1158 1266 itineris
1180 1199 1263 1266 diffi-

109 1298 245 1365 cultates
267 1299 394 1365 mirum·
405 1317 477 1365 esse
499 1319 562 1365 non
583 1303 698 1384 potest,
722 1300 808 1382 quod
829 1300 916 1385 apud
930 1300 1057 1367 Livium
1075 1302 1262 1385 plerumque

108 1420 161 1467 res
182 1401 225 1466 ab
247 1399 474 1485 Hispaniarum
488 1396 699 1486 ¹praesidibus
720 1400 831 1484 gestas
852 1402 976 1469 narrari
997 1401 1154 1487 videmus,
1175 1408 1261 1488 post

109 1522 207 1588 quam
235 1501 276 1569 de
306 1522 415 1568 eorum
445 1521 662 1569 successorum
692 1503 856 1570 sortitione
884 1509 917 1570 et
944 1504 1088 1570 discessu
1112 1504 1262 1572 certiores

107 1605 186 1671 facti
207 1623 331 1687 sumus,
361 1608 393 1669 et
415 1601 501 1686 quod
523 1623 738 1689 successores,
770 1605 825 1670 ubi
850 1604 882 1669 in
904 1605 1087 1688 provincias
1108 1625 1261 1690 pervene-

108 1714 190 1792 runt,
213 1706 321 1773 statim
341 1706 375 1771 in
389 1706 530 1772 hibernis
544 1706 664 1773 milites
679 1709 855 1773 collocasse
873 1708 1061 1792 plerumque
1076 1705 1263 1793 audimus.⁵)

108 1812 244 1877 Possum
271 1809 366 1894 plura
393 1807 551 1875 eiusmodi
580 1810 729 1893 exempla
757 1811 914 1894 proferre,
944 1807 1002 1875 sed
1027 1807 1090 1889 duo
1116 1809 1262 1891 attigisse

109 1911 188 1978 satis
213 1910 283 1977 erit,
327 1910 402 1977 Sex.
426 1910 565 1995 Digitius
588 1917 620 1976 et
641 1912 676 1979 P.
692 1910 857 1978 Cornelius
881 1908 990 1994 Scipio
1011 1910 1132 1979 Nasica
1153 1931 1183 1977 a.
1200 1917 1261 1978 560

109 2011 291 2098 provincias
311 2011 415 2080 sortiti
438 2017 538 2093 erant,
561 2010 647 2094 quod
663 2011 773 2078 Livius
790 2016 902 2076 narrat
923 2011 998 2076 libri
1011 2012 1152 2076 XXXIV
1167 2031 1193 2078 c.
1211 2018 1261 2081 43.

6 2142 7 2155 ¹
109 2113 202 2181 Idem
233 2113 322 2181 initio
349 2113 489 2200 proximi
517 2113 590 2179 libri
619 2112 706 2180 bella
734 2113 776 2179 ab
805 2113 845 2178 iis
874 2132 946 2179 cum
975 2111 1077 2178 Iberis
1105 2112 1261 2198 principio

108 2215 185 2283 anni
213 2220 270 2281 561
299 2223 392 2299 gesta
412 2217 524 2299 refert,
554 2235 625 2281 cum
648 2215 762 2282 eodem
787 2235 871 2281 anno
893 2214 927 2280 0.
950 2214 1142 2280 Flaminium
1164 2221 1197 2280 ct
1218 2217 1260 2281 M.

107 2319 258 2385 Fulvium
284 2337 484 2385 successores
506 2317 545 2383 iis
566 2318 667 2384 factos
690 2338 760 2384 esse
776 2336 872 2401 supra
888 2317 1079 2400 exposuerit.
1116 2317 1262 2383 Alterum

108 2421 171 2488 hoc
193 2427 250 2503 est,
273 2418 360 2505 quod
382 2419 470 2504 apud
491 2419 618 2486 Livium
640 2439 669 2485 a.
687 2423 747 2482 574
768 2419 887 2484 factum
902 2418 1052 2501 legimus:
1075 2418 1261 2496 QAEulvius

107 2524 245 2590 Flaccus
266 2522 300 2587 in
322 2522 477 2608 Hispania
498 2521 643 2588 citeriore
668 2520 853 2605 proconsul,
883 2520 959 2601 quia
980 2520 1030 2585 Τί.
1054 2519 1261 2604 Sempronius
1317 2537 1321 2540 ’

5 2712 6 2715 ¹
107 2624 275 2692 Gracchus
303 2642 468 2691 successor
495 2622 617 2688 tardius
643 2621 852 2703 adveniebat,
881 2619 1050 2686 Celtiberis
1073 2620 1193 2686 bellurn
1215 2621 1261 2687 in·

107 2728 183 2793 tulit
205 2734 246 2811 et,
273 2746 344 2793 cum
367 2724 540 2809 Gracchus,
564 2724 619 2806 qui
640 2723 746 2791 subito
769 2721 959 2803 advenerat,
983 2741 1056 2787 eum
1078 2726 1153 2788 ante
1175 2720 1261 2789 diem

107 2832 230 2897 certam
252 2829 467 2895 Tarraconem
489 2826 666 2893 exercitum
688 2825 805 2892 ducere
826 2823 986 2907 iussisset,
1015 2822 1120 2891 reditu
1140 2823 1262 2907 praeci-

106 2931 170 3017 piti
195 2929 341 2996 instituto
368 2948 389 2993 a
417 2926 563 2994 barbaris
591 2945 694 3010 paene
724 2943 895 3008 oppressus
925 2925 1018 3006 esti)
1071 2923 1129 2989 Oui
1156 2944 1261 2990 rerum

107 3032 214 3099 ordini
242 3031 337 3098 hellis
365 3028 515 3114 gerendis
541 3028 671 3097 minime
698 3025 815 3092 idoneo
846 3023 931 3107 quod
958 3024 1088 3092 tandem
1110 3024 1182 3091 finis
1204 3026 1261 3091 im-

106 3135 232 3220 positus
254 3138 313 3218 cst,
335 3153 399 3199 non
420 3131 524 3217 potuit
545 3152 608 3198 non
630 3147 701 3196 esse
723 3146 840 3210 magno
856 3126 1047 3211 provinciali
1061 3126 1262 3195 administra·

92 3235 189 3309 ,tioni
205 3237 426 3302 emolumento.
451 3233 589 3299 Causam
603 3231 650 3299 rei
664 3228 832 3296 novandae
845 3230 995 3313 praebuit
1008 3228 1080 3314 ipsa
1094 3229 1261 3316 Hispania.

107 3338 235 3406 Bellum
266 3337 350 3405 enim
379 3354 528 3418 magnum
556 3333 603 3399 ibi
631 3339 776 3400 exortum
804 3336 889 3416 erat,
918 3331 961 3399 ad
990 3332 1076 3416 quod
1105 3331 1261 3415 celeriter,

106 3440 295 3527 priusquam
316 3437 413 3505 latius
441 3441 598 3521 serperet,
627 3431 854 3518 depellendum
883 3439 1013 3500 senatus
1042 3432 1198 3516 decrevit,
1228 3438 1273 3498 utv

198 3646 222 3707 r)
240 3638 295 3694 cie.
312 3637 374 3693 Vas.
394 3643 424 3705 s,
446 3641 484 3692 ra
571 3640 598 3701 a)
617 3634 691 3690 Suet.
709 3635 786 3690 caes.
804 3639 845 3689 sa
932 3636 958 3696 3)
975 3631 1046 3700 App.
1065 3632 1092 3686 n.
1112 3648 1135 3689 0.
1154 3637 1183 3700 a,
1203 3639 1260 3689 103.

109 3726 145 3784 cf.
163 3725 216 3781 Dio
235 3729 277 3790 43,
297 3728 329 3779 32
346 3718 410 3791 μετ’
430 3721 531 3795 ὀλίγων
548 3752 582 3762 *
599 3718 712 3787 ἐπῆλθε.
748 3719 826 3774 Oros.
844 3722 869 3783 6,
890 3722 929 3772 it.
1015 3720 1041 3782 4)
1066 3716 1202 3788 Quantum
1221 3718 1261 3772 di·

108 3815 182 3868 stent
199 3809 291 3865 Padus
309 3808 409 3863 flumen
427 3812 455 3863 et
471 3807 634 3872 Rhodanus,
657 3803 804 3872 Emporiae
825 3807 854 3857 et
872 3800 998 3858 Corduba
1019 3805 1048 3855 et
1063 3802 1135 3856 inter
1152 3817 1181 3856 se
1199 3807 1261 3858 eta

109 3896 206 3962 Roma,
225 3894 347 3949 videmus
364 3893 437 3962 apud
455 3891 512 3945 Pol.
527 3896 550 3959 3,
570 3895 611 3958 39,
630 3897 653 3946 4.
679 3889 742 3943 ltin.
755 3889 819 3942 Ant.
830 3904 856 3956 p.
871 3890 927 3941 139.
949 3889 997 3939 190
1016 3900 1087 3954 sqq.;
1105 3890 1261 3955 reputemus

109 3986 201 4036 autem
223 3978 297 4049 apud
321 3977 462 4033 Gaesarem
484 3975 583 4031 itinera
605 3973 698 4044 viginti
721 3988 851 4044 passuum
874 3971 986 4026 millium
1008 3971 1062 4026 iam
1085 3985 1182 4040 magna
1199 3971 1259 4027 dici.

110 4068 136 4133 5)
154 4065 195 4121 cf.
215 4064 271 4119 hir.
291 4066 332 4129 39,
351 4067 392 4129 21,
413 4065 451 4114 to.
521 4063 547 4128 6)
563 4059 622 4115 Liv.
641 4063 683 4125 40,
703 4063 734 4113 39
752 4074 791 4141 ες.
