2996 4784
428 314 494 372 fasti
510 315 705 384 Hispaniarum
722 316 929 385 provinciarum.
1216 317 1255 377 91

257 494 289 554 et
311 487 366 553 On.
390 487 561 572 Seruilius,
591 489 705 568 quibus
727 486 973 572 succedebatur,
1002 491 1084 555 inter
1108 509 1143 556 se
1166 492 1256 558 sorti-

257 596 379 671 rentur,
409 596 480 655 uter
508 590 686 656 citeriorem
708 590 898 674 Hispaniam
925 599 1096 676 prorogato
1122 593 1256 677 imperio
1292 652 1297 661 .

257 691 424 758 obtineret.
474 710 544 757 sors
573 699 753 775 opportuna
781 693 854 774 fuit,
885 699 920 759 ut
947 694 983 757 P.
1013 692 1128 759 Furius
1158 693 1255 777 idem,

257 793 345 859 cuius
368 812 407 858 ea
429 793 593 877 provincia
614 793 726 877 fuerat,
750 799 932 860 remaneret.
1212 860 1214 869 ,
1273 787 1279 795 ’

189 894 348 960 Matienus
377 894 471 960 simul
495 914 566 960 cum
589 894 681 961 Philo
704 896 952 979 repetundarum
975 902 1143 962 accusatus
1165 902 1222 962 est.
1230 896 1254 979 1)

100 1000 175 1063 582.
198 997 238 1062 M.
261 996 370 1062 Iunius
396 997 523 1062 Pennus

199 1097 253 1183 Sp.
276 1098 443 1165 Lucretius

255 1199 324 1265 Liv.
345 1203 396 1282 42,
423 1205 469 1264 lb.
493 1202 692 1284 praetoribus
715 1221 841 1285 quoque
864 1201 896 1267 in
918 1200 1107 1282 Hispaniam
1129 1199 1254 1284 supple-

255 1307 396 1366 mentum
425 1288 608 1385 petentibus
637 1311 789 1386 negatum
817 1305 858 1369 M.
884 1303 975 1369 Iunio
1003 1302 1038 1366 in
1067 1302 1254 1382 citeriorem,

255 1402 310 1486 Sp.
334 1403 483 1470 Lucretio
505 1404 538 1468 in
561 1405 751 1472 ulteriorem.

187 1505 255 1571 Hos
284 1509 429 1571 senatum
459 1526 531 1571 cum
558 1507 706 1590 precibus
734 1507 790 1573 diu
818 1508 1007 1589 fatigassent
1040 1504 1168 1571 tandem
1197 1505 1254 1569 im-

102 1612 257 1691 petrasse,
280 1613 315 1671 ut
336 1607 593 1690 supplementum
617 1608 678 1674 sibi
700 1608 742 1674 ad
766 1609 941 1675 exercitum
957 1607 1094 1689 daretur,
1116 1607 1149 1670 in
1164 1625 1255 1689 prae·
1294 1645 1296 1648 <

25 1697 28 1702 ’
102 1709 222 1775 latione
249 1706 453 1790 attigimusfl)
496 1708 539 1773 Μ.
561 1711 671 1774 Iunius
693 1711 821 1776 Pennus
849 1730 878 1774 a.
907 1713 966 1774 587
991 1708 1034 1773 ad
1056 1708 1254 1774 consulatum

587 1056 700 1135 praett.

101 1811 248 1896 pervenit
259 1808 284 1893 3)
291 1858 299 1891 ,
327 1809 494 1875 Lucretius
523 1829 552 1875 a.
577 1815 637 1876 585
666 1813 726 1878 sub
749 1811 786 1890 Q.
808 1812 928 1878 Marcio
950 1811 1099 1896 Philippo
1126 1809 1256 1876 consule
1347 1835 1356 1841 ·

101 1914 136 1977 in
157 1910 345 1978 Macedonia
365 1910 560 1994 pugnavitl)

102 2017 167 2079 583
189 2011 353 2097 (-5848).
376 2014 411 2079 L.
429 2012 601 2078 Canuleius
615 2013 716 2078 Dives
738 2019 867 2098 praetor
882 2014 1045 2097 utriusque
1060 2011 1254 2097 provinciae.
1325 2052 1328 2057 ι

256 2114 325 2179 Lis.
342 2118 393 2198 42,
416 2118 467 2180 28.
490 2114 541 2179 his
563 2115 762 2198 praetoribus
783 2116 968 2199 provinciae
991 2114 1148 2196 decretae,
1172 2113 1255 2178 duae

255 2217 324 2282 iure
346 2216 468 2282 Romae
491 2215 643 2301 dicundo,
674 2218 829 2301 Hispania
855 2222 887 2283 et
909 2216 1021 2282 Sicilia
1042 2222 1074 2282 et
1095 2213 1254 2295 Sardinia,

254 2323 289 2383 ut
317 2319 371 2383 uni
393 2336 462 2384 sors
484 2318 610 2403 integra
632 2325 732 2403 esset,
764 2339 827 2400 quo
849 2324 979 2384 senatus
1006 2317 1189 2384 censuisset.
1213 2351 1255 2361 -

254 2420 296 2484 ib.
321 2422 378 2501 43,
409 2423 438 2484 2.
466 2420 641 2504 Hispaniae
670 2420 787 2487 deinde
815 2420 979 2500 utriusque
1007 2420 1107 2502 legati
1134 2418 1256 2497 aliquot

254 2520 445 2606 populorum
474 2520 507 2585 in
536 2528 681 2587 senatum
709 2522 943 2587 introducti-
967 2541 1104 2586 -cum
1132 2525 1165 2584 et
1190 2519 1256 2584 alia

255 2621 387 2705 indigna
410 2628 625 2707 quererentur,
648 2623 850 2688 manifestum
873 2629 980 2689 autem
997 2629 1082 2688 esset
1102 2621 1255 2704 pecunias

258 2730 385 2809 captas,
413 2724 449 2789 L.
473 2724 627 2790 Canuleio
648 2725 801 2808 praetori,
832 2725 887 2805 qui
914 2724 1101 2808 Hispaniam
1125 2722 1254 2789 sortitus

256 2829 339 2908 erat,
369 2826 532 2906 negotium
562 2825 672 2891 datum
702 2834 766 2910 est,
796 2827 885 2892 utin
908 2826 1068 2908 singulos,
1097 2822 1255 2905 aquibus

254 2924 391 3009 Hispani
418 2926 570 3011 pecunias
598 2934 795 3012 repeterent,
827 2928 940 3007 quinos
961 2926 1190 3010 reciperatores
1214 2942 1255 2988 ex

257 3025 368 3092 ordine
398 3028 557 3094 senatorio
588 3027 679 3095 daret
706 3034 920 3112 patronosque
949 3045 1029 3108 quos
1057 3026 1178 3092 vellent
1203 3045 1254 3091 su·

255 3127 363 3193 mendi
383 3134 575 3210 potestatem
597 3130 724 3197 iaceret.

187 3231 331 3311 Utraque
360 3231 526 3313 provincia
555 3232 609 3297 uni
638 3232 778 3316 praetori
806 3232 976 3299 commissa
998 3237 1048 3296 est
1070 3230 1111 3298 ob
1133 3229 1254 3295 bellum
1334 3226 1341 3235 '

93 3330 353 3400 Macedonicum.
398 3333 447 3397 De
478 3334 663 3413 quaestione
691 3333 936 3417 repetundarum
966 3353 1049 3416 quae
1078 3336 1254 3430 memoratu

94 3437 202 3521 digna
236 3452 307 3500 esse
338 3431 490 3500 videntur
521 3435 632 3519 paucis
665 3436 929 3501 commemorabo.
982 3435 1132 3500 Accusati
1166 3439 1256 3500 erant
1384 3498 1388 3505 ,

93 3538 141 3604 Μ.
172 3535 309 3601 Titinius
338 3533 565 3619 (sse—578),
601 3536 636 3601 P.
665 3535 780 3600 Furius
808 3536 918 3601 Philus
952 3534 1178 3621 (580-581),
1212 3537 1254 3602 Μ.

93 3637 259 3704 Matienus
282 3634 389 3721 (581),
418 3656 551 3719 quorum
573 3637 694 3721 primus
716 3637 766 3703 bis
788 3639 960 3722 ampliatus
986 3643 1018 3703 et
1039 3634 1178 3719 denique
1200 3639 1255 3704 ab·

95 3740 224 3806 solutus
254 3745 318 3822 est,
347 3740 462 3821 reliqui
491 3738 554 3805 duo
582 3739 615 3805 in
644 3738 792 3806 exsilium
814 3757 849 3803 se
872 3738 1080 3804 contulerunt.
1123 3740 1256 3805 Patroni

97 3847 194 3908 erant
214 3840 431 3925 Hispanorum
454 3842 496 3906 M.
519 3841 649 3907 Porcius
672 3840 752 3907 Cato
774 3839 879 3925 (559),
900 3841 936 3907 P.
960 3838 1125 3906 Cornelius
1148 3839 1254 3924 Scipio

189 4062 214 4125 1)
238 4055 279 4112 ef.
298 4058 375 4114 aaa.
395 4061 452 4112 sss.
532 4061 557 4124 a)
580 4056 619 4112 cf.
639 4057 757 4125 niam
777 4061 816 4113 rs.
895 4061 921 4125 3)
943 4063 985 4125 45,
1006 4063 1046 4112 rc.
1125 4061 1151 4123 4)
1169 4062 1211 4125 44,
1230 4063 1254 4113 r.
