2996 4784
668 294 805 350 Detlerius
823 294 959 350 Wilsdorf
1042 334 1047 337 γ

326 510 328 519 ι
391 467 502 534 Oioero
532 468 641 533 consul
669 467 744 539 fuit;
774 465 983 550 triumphavit
1010 484 1133 549 procos,
1163 466 1203 531 de
1232 464 1397 549 Hispania

390 570 428 648 Q.
451 569 620 636 Hortensio
651 569 685 633 L.
709 568 839 634 Metello
869 568 992 634 Oretioo
1021 587 1101 634 5555.
1124 573 1199 634 5515
1216 566 1394 655 Χ1115555515

275 662 281 671 ’
390 673 597 738 consulatum.
628 671 667 735 of.
684 671 870 755 01561555.
887 673 916 752 3,
937 675 965 735 6.
990 672 1018 752 2,
1043 675 1061 732 5
1084 668 1157 751 (fr).
1187 668 1252 735 Pis.
1268 673 1319 754 26,
1337 674 1391 736 62.

390 771 439 855 (0.
462 775 486 838 Ι.
510 773 545 839 L.
568 773 584 837 Ι
605 793 636 857 p.
664 777 721 838 173
744 795 775 838 5.
798 771 903 856 594.)

321 874 478 953 Quaestor
506 875 610 942 fuerat
638 876 712 941 Piso
742 874 975 959 Calpurnianus
1003 892 1031 938 a.
1059 872 1169 953 6711),
1200 873 1309 940 oonsul
1338 879 1392 940 est

235 977 339 1043 faetus
360 996 389 1041 a.
412 977 522 1060 6931);
545 978 656 1062 itaque
677 981 827 1062 praetura
847 976 1032 1059 perfunctus
1054 973 1243 1059 Hispaniam
1259 975 1389 1059 provin·

236 1070 318 1145 eiam
345 1079 476 1146 sortitus
506 1084 590 1163 erat,
621 1078 662 1144 de
691 1098 754 1162 qua
783 1098 854 1143 oum
881 1098 909 1143 a.
933 1080 994 1141 685
1017 1074 1229 1160 triumphasse
1252 1076 1389 1161 dieatur,
1411 1123 1429 1154 -,

235 1202 272 1248 55
302 1200 396 1263 quem
425 1181 652 1264 adscripsimus
680 1201 762 1247 anne
790 1179 837 1245 ibi
865 1200 937 1245 eum
964 1177 1061 1244 fuisse
1089 1197 1220 1245 neeesse
1242 1185 1299 1245 est.
1343 1179 1388 1245 M.

234 1282 359 1349 Pisonis
383 1289 533 1368 quaestor
555 1288 622 1348 erat
645 1282 679 1348 L.
695 1278 1002 1363 Valeriuslllaooua
1026 1298 1121 1361 quem
1143 1279 1253 1347 Oieero
1276 1299 1306 1347 a.
1323 1284 1387 1346 635

235 1384 416 1464 651556113)
448 1385 561 1451 Utrum
582 1384 779 1469 provinciam
796 1383 951 1465 habuerit,
974 1381 1147 1467 disceptari
1161 1402 1224 1448 non
1238 1382 1388 1465 potest.⁴)

235 1489 306 1551 686.
329 1498 351 1553 u
374 1485 531 1552 Antistius
552 1487 651 1552 Vetus
673 1491 859 1571 propraetor
880 1487 936 1551 ult.
959 1483 1000 1551 H.
1215 1498 1218 1503 '

386 1589 466 1655 Vell.
490 1592 519 1670 2,
543 1593 594 1672 13,
618 1594 646 1653 4.
671 1596 703 1654 51
730 1592 881 1672 praetura
904 1591 1138 1671 quaesturaque
1160 1584 1299 1652 mirabili
1322 1586 1385 1652 vir-

386 1694 453 1756 tute
475 1697 572 1771 atque
588 1690 745 1756 industria
758 1690 847 1755 obita
861 1689 894 1753 in
910 1688 1075 1772 Hispania,
1099 1708 1170 1753 oum
1186 1690 1271 1754 esset
1287 1706 1384 1769 quae·

385 1797 451 1857 5155
477 1792 536 1857 sub
561 1791 674 1857 Vetere
697 1791 835 1856 Antistio
859 1811 920 1856 avo
947 1789 1040 1855 huius
1061 1789 1185 1857 Veteris
1208 1791 1385 1857 consularis

385 1899 482 1977 atque
504 1892 670 1978 pontificis.
701 1892 739 1957 of.
756 1892 844 1959 Suet.
859 1894 950 1958 Caes.
969 1898 997 1957 7.
1026 1891 1088 1958 Dio
1108 1894 1158 1975 37,
1174 1895 1214 1956 52
1236 1887 1302 1974 (41,
1319 1892 1384 1975 21).

384 1994 475 2061 (taes.
500 1995 528 2060 b.
552 1996 641 2081 Hisp.
665 1999 716 2061 12.

382 2098 466 2163 Ρ151.
484 2096 575 2164 (laea.
592 2104 620 2162 5.
640 2095 766 2178 Θάψας
789 2095 825 2161 δὲ
849 2094 908 2182 τὴν
931 2105 1071 2178 γυναῖκα
1093 2097 1215 2175 ταμίας
1237 2092 1286 2171 εἰς
1299 2089 1383 2181 Ἰβη-

381 2202 459 2280 ρίαν
482 2197 532 2263 ἑνὶ
555 2204 621 2262 τῶν
640 2204 832 2281 στρατηγῶν
849 2201 971 2278 Βέτερι
988 2195 1202 2283 συνεξῆλθεν,
1227 2191 1263 2258 ὃν
1280 2193 1382 2261 αὐτόν

382 2292 418 2364 τὶ
448 2304 554 2381 τιμῶν
585 2297 640 2364 ἀεὶ
670 2297 838 2364 διετέλεσε
869 2300 925 2362 καὶ
954 2295 1012 2361 τὸν
1041 2294 1113 2361 υἱὸν
1144 2296 1245 2361 πάλιν
1280 2293 1380 2373 αὐτὸς

384 2396 494 2480 ἅρχων
516 2404 639 2480 ταμίαν
662 2396 814 2485 ἐποίησε.

315 2501 505 2569 Ulteriorem
527 2502 723 2587 provintiam
745 2502 918 2568 Antistium
939 2503 1088 2570 Veterem
1112 2500 1287 2568 obtinuisse
1308 2522 1380 2568 oum

227 2604 422 2686 reliquorum
451 2611 614 2670 auotorum
644 2610 710 2668 tum
739 2604 884 2670 Suetonii
912 2605 1012 2669 verba
1040 2603 1168 2669 docent:
1202 2602 1380 2683 ‘Quaestori

139 2738 149 2744 -
228 2707 360 2773 ulterior
380 2706 539 2790 Hispania
559 2705 710 2787 obvenit’5
740 2706 782 2771 de
803 2712 947 2790 tempore
972 2725 990 2770 e
1013 2704 1161 2772 Caesaris
1184 2707 1379 2791 temporibus

228 2812 360 2873 eonstat.
406 2808 553 2874 Ceterum
583 2806 623 2873 de
645 2806 782 2872 Antistio
810 2806 924 2872 Vetere
951 2811 1043 2890 patre
1071 2806 1151 2871 nihil
1180 2814 1290 2875 notum
1322 2817 1379 2893 est,

228 2906 269 2972 de
292 2907 373 2975 (laio
395 2908 461 2975 filio
484 2910 566 2975 infra
588 2907 757 2975 dioendum
780 2908 849 2976 erit.

312 3010 461 3077 Proximo
490 3031 573 3077 anno
602 3011 656 3093 qui
684 3017 906 3096 propraetores
931 3010 964 3075 in
987 3010 1142 3095 Hispania
1166 3010 1299 3095 fuerint,
1325 3034 1378 3079 ne-

227 3111 360 3194 scimus,
391 3112 526 3179 fortasse
548 3114 630 3178 alter
652 3132 761 3177 eorum
784 3116 852 3178 erat
875 3111 909 3177 d.
934 3112 1072 3179 Lioinius
1093 3113 1201 3179 Maoer
1222 3113 1295 3196 ille,
1324 3116 1379 3197 qui

227 3214 360 3280 annales
382 3214 518 3297 scripsit,
541 3232 635 3296 quem
657 3232 686 3278 a.
703 3215 764 3276 658
787 3217 810 3275 a'
823 3212 975 3279 Oieerone
997 3220 1143 3297 praetore
1166 3215 1206 3281 de
1228 3223 1378 3300 repetun-

187 3312 196 3317 “
226 3312 276 3379 dis
298 3313 574 3395 damnatumesse
588 3312 753 3394 constat.⁵)
780 3313 902 3380 Eodem
922 3302 1010 3382 anno¹
1020 3318 1192 3402 Pompeius
1206 3317 1378 3401 plebiscito
1456 3401 1463 3406 .
1487 3374 1488 3399 ,

224 3415 393 3501 imperium
420 3413 577 3481 infinitum
605 3412 758 3487 adversus
786 3417 908 3499 piratas
935 3423 1047 3482 naotus
1075 3419 1200 3501 legatos
1222 3438 1296 3488 suos
1317 3421 1376 3488 im·
1487 3414 1488 3457 l

224 3516 313 3600 perio
335 3515 495 3599 praetorio
518 3520 646 3581 ornatos
668 3517 711 3582 ad
733 3516 861 3598 singula
882 3517 976 3584 litora
998 3518 1170 3604 disposuit,
1195 3541 1237 3587 ex
1260 3523 1377 3606 quibus
1487 3560 1488 3585 2

224 3616 288 3682 duo
311 3616 361 3682 Ti.
385 3615 537 3682 Claudius
565 3616 651 3682 Nero
680 3623 713 3683 et
740 3619 876 3684 Manlius
906 3620 1087 3713 Torquatus
1116 3620 1288 3706 Hispanias
1319 3625 1374 3690 ob-

313 3787 335 3848 1)
354 3780 498 3836 Giaverr.
516 3797 607 3836 eoous.
629 3786 650 3843 1,
670 3787 710 3846 14,
728 3787 769 3837 31.
839 3787 865 3850 2)
884 3784 938 3839 615.
957 3786 1016 3840 Att.
1039 3792 1060 3853 1,
1082 3794 1163 3856 12,1.
1186 3794 1223 3857 13,
1242 3794 1267 3844 6.
1289 3795 1328 3855 14,
1351 3798 1373 3845 1.
1487 3752 1488 3755 ¹

224 3873 249 3934 3)
267 3867 322 3923 (lio.
341 3866 434 3921 Flaoc.
453 3869 476 3931 3,
495 3871 518 3921 6.
537 3866 574 3942 51.
588 3870 612 3934 2,
631 3871 645 3919 5
665 3866 708 3934 (65
725 3866 880 3936 frugalitate
897 3868 1020 3938 Pisonis).
1092 3876 1117 3936 1)
1136 3872 1268 3929 Praetura
1286 3889 1310 3929 a.
1322 3880 1372 3930 661
1487 3906 1488 3921 .

189 3949 998 4021 .155511555111155111556155515156555115505115,
1016 3954 1217 4012 M.Mummius.
1271 3959 1369 4027 5)(115.
1487 3950 1488 3953 ¹

222 4037 280 4090 stt.
301 4043 323 4103 1,
340 4041 366 4102 4,
385 4039 410 4089 2.
445 4035 504 4090 Vol.
522 4037 596 4090 Max.
615 4040 639 4104 9,
661 4042 699 4102 12,
718 4043 742 4091 1.
854 4039 856 4045 ’
