2996 4784
414 308 479 362 fasti
495 306 687 376 Hispaniarum
705 304 911 374 provinciarum.
1184 303 1237 361 121

93 481 202 548 datem
218 478 395 562 eriperet-¹)
426 479 592 546 Communi
606 478 737 544 consilio
749 477 935 561 Pompeium
951 497 1100 543 unacum
1112 478 1242 543 Metello

93 585 213 651 bellum
235 581 391 664 gessisse,
413 588 508 665 prout
528 601 580 647 res
601 580 802 665 postulabat,
827 598 924 664 supra
946 579 1242 646 demonstravimus.

66 762 71 773 .
94 687 155 752 Per
183 683 321 750 hiemem
348 683 423 748 anni
453 687 515 748 680
540 683 626 767 apud
648 683 689 747 M.
712 681 881 747 Fonteium
904 679 936 744 in
958 680 1067 747 Gallia
1088 700 1123 746 se
1147 682 1242 747 conti-

95 784 201 869 9ιί13)
246 784 386 851 Sertorio
416 790 448 850 et
469 786 631 869 Perperna
659 783 772 849 occisis
800 778 933 866 Pompei
962 782 1055 848 unius
1085 802 1183 866 opera
1212 790 1245 849 et

97 887 227 956 oonsilio
249 886 406 971 Hispania
428 891 544 970 pacata
564 893 614 950 est
634 902 750 966 resque
765 885 921 968 plurimae
936 882 1040 949 denuo
1056 886 1244 951 constitutae

96 996 175 1056 sunt.
220 990 303 1053 Tum
326 989 397 1071 lege
421 987 527 1053 Gellia
549 986 698 1053 Cornelia
720 985 874 1070 sancitum
898 991 962 1069 est,
991 990 1026 1051 ut
1049 1005 1129 1066 quos
1152 987 1243 1053 Pom-

97 1091 186 1177 peius
207 1090 380 1174 imperator
402 1089 442 1155 de
465 1088 589 1154 consilii
611 1088 720 1153 bellici
742 1087 902 1153 sententia
915 1087 1101 1169 singillatim
1117 1088 1245 1155 civitate

99 1190 256 1271 donasset,
280 1191 368 1256 cives
390 1190 524 1255 Romani
546 1197 653 1256 essent
674 1190 793 1274 optimo
808 1187 917 1272 iurei)
945 1189 1137 1273 Legatorum
1152 1190 1243 1255 Pom-

97 1294 158 1380 pei,
183 1312 261 1375 quos
284 1312 575 1374 commemoremus,
602 1290 690 1372 digai
712 1297 784 1373 sunt
805 1290 854 1354 hi:
879 1291 914 1354 L.
937 1290 1087 1356 Afranius
1097 1288 1132 1374 4),
1156 1291 1245 1357 ouius

98 1416 158 1482 ope
180 1400 293 1480 postea
316 1412 441 1474 quoque
464 1399 574 1458 contra
597 1383 768 1459 Caesarem
791 1412 866 1458 usus
889 1400 947 1477 est,
970 1393 1009 1458 D.
1030 1391 1168 1475 Laelius,
1192 1394 1246 1474 qui

96 1496 218 1585 proelio
237 1495 279 1561 ad
295 1496 473 1562 Lauronem
497 1495 664 1563 commisso
680 1493 795 1560 cecidit
806 1493 841 1577 5),
865 1492 1003 1575 denique
1020 1494 1053 1560 Ο.
1070 1495 1247 1578 Memmius,

99 1618 192 1681 quem
221 1618 292 1663 cum
309 1598 354 1662 'in
375 1598 516 1664 exercitu
538 1597 660 1662 Metelli
681 1603 748 1661 tum
769 1597 903 1682 Pompei
925 1603 1127 1680 quaestorem
1148 1597 1247 1665 fuisse

99 1699 247 1779 Cicerei)
275 1705 419 1766 testatur.
470 1699 519 1775 De
549 1698 642 1765 vietis
671 1697 824 1782 Hispanis
857 1705 1027 1783 postquam
1055 1705 1187 1782 tropaea
1214 1699 1247 1765 in

98 1802 256 1888 Pyrenaei
283 1802 366 1883 iugis
395 1800 610 1884 constituit⁷)‚
640 1801 673 1864 in
700 1801 828 1866 Italiam
857 1800 1028 1885 Pompeius
1055 1801 1187 1866 revertit
1216 1805 1248 1866 et

99 1924 169 1970 oum
192 1903 322 1969 Metello
338 1923 366 1968 a.
383 1906 444 1966 683
462 1907 598 1967 exeunte
614 1900 807 1986 triumphum
827 1899 933 1985 egita)
963 1902 1032 1980 Quo
1048 1923 1130 1968 anno
1145 1910 1248 1968 utrum

99 2007 303 2091 proconsules
332 2004 469 2069 vicarios
501 2004 533 2068 in
566 2003 738 2087 provinciis
765 2002 953 2084 reliquerint
980 2024 1022 2068 an
1050 2023 1249 2070 successores

101 2105 249 2192 praetorii
272 2125 327 2171 eos
349 2104 544 2189 exceperint,
574 2124 591 2169 e
613 2104 754 2169 fontibus
776 2125 838 2170 non
860 2111 1003 2189 apparet.
1047 2104 1249 2190 Zumptiusi)

102 2208 157 2275 Cn.
180 2207 341 2274 Aufidium
363 2206 507 2272 Orestem
536 2207 670 2271 alteram
698 2206 895 2291 provinciam
918 2207 1081 2291 accepisse
1104 2208 1250 2291 opinatur

98 2311 187 2377 nullo
215 2309 402 2394 scriptorum
430 2307 610 2374 testimonio
639 2309 893 2392 comprobatum,
924 2326 1027 2390 neque
1057 2314 1130 2393 post
1157 2308 1248 2374 Pom-

99 2411 207 2496 peium
229 2410 419 2495 Hispaniam
441 2411 575 2475 alteram
599 2410 798 2476 consularem
812 2409 910 2475 fuisse
926 2410 1028 2493 magis
1044 2411 1138 2476 oredo
1155 2432 1250 2494 quam

99 2519 172 2598 post
194 2513 361 2578 Lucullum
385 2516 416 2578 et
438 2510 616 2577 Culleolum
637 2509 868 2577 Macedoniam.

100 2618 173 2681 984.
197 2614 239 2680 M.
262 2614 382 2698 Pupius
403 2612 478 2679 Piso
501 2611 734 2696 Calpurnianus
756 2617 943 2697 propraetor
965 2630 1088 2695 procos.

254 2715 370 2781 Ascon.
385 2714 418 2779 in
440 2715 504 2781 Pis.
523 2717 543 2795 ἕ
561 2717 611 2780 62.
635 2712 741 2778 ‘Irrisa
762 2719 809 2779 est
832 2732 853 2778 a
874 2718 906 2778 te
927 2713 1025 2798 paulo
1047 2720 1121 2779 ante
1142 2713 1184 2779 M.
1200 2713 1251 2777 Pi-

255 2817 341 2883 sonis
372 2815 529 2899 cupiditas
558 2815 791 2899 triumphandi,
821 2834 841 2879 a
870 2835 934 2900 qua
961 2822 992 2881 te
1020 2815 1115 2898 longe
1142 2814 1253 2880 dixisti

255 2917 441 2984 abhorrere:
466 2916 519 3000 qui
539 2916 665 2982 etiamsi
680 2916 785 2981 minus
800 2937 949 3000 magnum
965 2916 1085 2982 bellum
1100 2924 1252 3000 gesserat,

255 3019 351 3085 istum
374 3018 526 3084 honorem
547 3016 756 3083 omittendum
778 3037 841 3084 non
866 3017 1008 3101 putavit!
1052 3016 1125 3081 rua
1146 3022 1252 3082 autem

258 3156 298 3165 -
311 3157 348 3165 -
363 3120 484 3204 Pupius
498 3119 573 3185 Piso
587 3119 703 3185 iisdem
718 3118 913 3203 temporibus
931 3119 1046 3203 quibus
1061 3117 1181 3201 (licere,
1196 3118 1254 3185 sed

259 3226 347 3288 tanto
363 3228 470 3288 aetate
486 3221 595 3304 maior,
615 3226 649 3286 ut
666 3228 703 3265 ²2-
723 3256 759 3264 —·
777 3220 1028 3301 Bienniotamen
1043 3220 1144 3286 serius
1159 3238 1254 3301 quam

193 3461 217 3523 1)
235 3455 306 3509 Plut.
324 3454 416 3523 Pomp.
437 3458 477 3507 20.
548 3451 1068 3521 3111991193.51.Ῑ).1199(111.4.
1139 3458 1164 3521 3)
1182 3454 1255 3508 Flor.

11 3574 12 3605 ,
105 3547 129 3607 a,
149 3547 191 3607 aa,
210 3545 234 3594 a
262 3540 331 3593 Prin.
347 3558 374 3594 n.
392 3540 418 3593 n.
438 3544 462 3606 a,
482 3544 496 3593 a
516 3543 560 3606 (1),
581 3543 618 3593 rs.
648 3537 736 3592 strab.
757 3543 779 3604 a,
799 3542 823 3603 4,
844 3542 927 3590 ra-
940 3537 995 3591 otc.
1014 3538 1092 3595 Balb.
1110 3544 1134 3605 s,
1156 3544 1193 3593 ra
1215 3545 1255 3604 rs,

11 3622 12 3629 '
106 3631 147 3682 32.
167 3631 207 3679 33.
228 3630 268 3689 ll,
287 3628 328 3679 38.
397 3628 423 3690 4)
441 3624 510 3678 Plut.
530 3624 599 3678 Sert.
621 3628 659 3677 19.
730 3621 1255 3692 5)399.11.1’1.3,15.5109951958.

106 3716 132 3777 6)
156 3710 235 3765 Balb.
254 3714 277 3776 2,
296 3714 320 3762 5.
358 3708 392 3762 ef.
410 3708 481 3762 Plut.
501 3708 567 3763 Sert.
587 3712 628 3763 21.
647 3706 714 3762 duos
736 3707 875 3760 Memmios
900 3709 1058 3773 quaestores
1078 3707 1106 3760 in
1123 3707 1257 3778 Hispania

106 3794 194 3850 fuisse
216 3796 296 3850 docet
312 3793 477 3859 Mommsen,
501 3791 617 3846 Munaw.
636 3797 684 3846 591
706 3806 746 3858 sq.
816 3795 842 3856 1)
866 3790 929 3845 Sall.
947 3791 973 3843 h.
992 3791 1025 3844 fr.
1045 3797 1070 3859 4,
1089 3796 1129 3845 29.
1165 3792 1255 3847 Strab.

107 3883 132 3946 3,
150 3884 175 3944 4,
198 3884 218 3932 1.
237 3884 262 3931 7.
333 3881 359 3941 8)
382 3876 422 3930 01.
441 3877 580 3930 Drumann
598 3877 644 3944 lv,
663 3881 712 3931 383
734 3892 753 3930 n
779 3882 819 3931 55.
855 3874 999 3944 LangeR.
1019 3877 1051 3928 A.
1070 3875 1104 3942 ΙΙ,
1123 3881 1181 3930 639.
1216 3877 1258 3930 De

107 3962 227 4030 reliquiis
244 3961 461 4016 Sertorianamm
480 3962 619 4029 copiarum
640 3961 674 4016 ol.
692 3961 768 4015 Caes.
787 3962 812 4014 b.
832 3959 863 4014 G.
883 3964 912 4027 3,
934 3963 1053 4014 29-21.
1090 3958 1165 4014 Oros.
1184 3965 1214 4025 6,
1233 3964 1257 4013 3.

109 4046 165 4101 Cio.
182 4047 259 4102 Verr.
278 4062 369 4100 accus.
389 4051 413 4111 5,
432 4050 473 4109 28,
492 4049 533 4100 72.
603 4050 629 4111 9)
648 4045 722 4099 Stud.
741 4045 819 4124 Rom.
838 4060 864 4112 p.
884 4049 916 4098 53
936 4060 975 4113 sq.
