2996 4784
438 320 502 376 fasti
519 317 712 388 Hispaniarum
729 316 938 387 provinciarum.
1226 312 1266 370 77

111 497 200 563 Nero
227 498 335 560 autem
365 512 436 560 cum
464 491 550 560 Livii
578 497 610 558 et
637 490 778 575 'Appiani
811 488 1001 555 testimoniis
1030 491 1174 554 extrema
1201 486 1267 553 fere

112 600 238 665 aestate
261 594 338 661 anni
362 594 459 677 543¹)
480 592 641 677 profectus
663 592 719 675 sit,
745 590 843 658 valde
864 590 1026 673 miramur,
1049 590 1135 671 quod
1157 610 1267 658 seeun-

112 699 190 765 dum
214 696 342 764 Livium
370 695 484 763 eodem
513 714 597 760 anno
628 693 659 761 ei
685 692 814 760 Silanus
842 712 1005 759 successor
1032 691 1148 758 missus
1178 689 1267 774 esta)

112 802 228 884 Neque
258 798 344 864 enim
373 796 535 879 singulare
563 802 712 880 putamus
737 795 900 880 negotium
921 794 1043 861 Neroni
1064 794 1268 860 commissum

114 884 197 985 esse,
218 899 384 984 ut‘copias
406 897 440 963 in
454 897 646 980 Hispaniam
661 901 890 982 transportaret
901 893 938 981 ³),
961 896 1038 978 quia
1056 897 1169 964 eodem
1185 902 1268 962 teste

113 1003 291 1071 exercitum
319 1000 411 1067 a'li.
434 999 568 1067 Fonteio
598 1005 630 1064 et
654 999 774 1065 Marcio
804 997 928 1082 accepit
956 1003 988 1062 et
1016 998 1136 1064 bellum
1159 986 1274 1064 contra

112 1103 352 1172 Hasdrubalem
374 1100 555 1186 suscepit&
591 1099 818 1181 Quodsiinter
837 1099 1008 1182 Illiturgim
1030 1106 1063 1166 et
1082 1100 1269 1165 Mentissam

112 1209 330 1291 pugnaverat,
360 1225 401 1270 ne
429 1203 532 1288 potuit
561 1202 690 1285 qudem
718 1207 774 1267 aut
803 1201 918 1268 eodem
940 1221 1023 1268 anno
1045 1206 1102 1267 aut
1122 1201 1269 1285 proximo

113 1326 192 1375 vere
221 1307 396 1374 exercitum
419 1303 530 1371 Silano
558 1303 726 1388 traderes)
771 1304 813 1371 At
838 1304 866 1369 si
888 1303 1072 1388 Appianum
1098 1304 1269 1385 sequimur,

114 1409 172 1492 qui
193 1408 274 1475 haec
296 1406 408 1472 tradit:
432 1403 570 1482 οὐδενὸς
594 1404 630 1471 δὲ
653 1406 810 1488 λαμπροῦ
832 1404 927 1487 παρὰ
949 1403 1056 1469 τῶνδε
1072 1411 1268 1488 γιγνομένου
1329 1420 1331 1424 “

113 1509 157 1575 τὰ
181 1506 324 1593 Λιβύων
347 1503 597 1592 ὑπερηυξάνετο
628 1507 685 1571 καί
714 1512 828 1570 πᾶσαν
859 1504 979 1586 σχεδὸν
1005 1502 1149 1591 Ἰβηρίαν
1179 1501 1269 1588 εἶχον

115 1612 153 1690 ἐς
174 1610 279 1696 βραχὺ
300 1607 468 1692 Ῥωμαίων
492 1606 527 1675 ἒν
549 1619 622 1685 τοῖς
645 1603 741 1691 ὄρεσι
756 1616 835 1684 τοῖς
856 1611 1068 1691 Πυρηναίοις
1094 1609 1271 1673 κατακλει-

116 1719 264 1797 ομένων,
296 1732 337 1779 ne
366 1719 434 1779 tum
463 1710 592 1792 quidem
621 1714 747 1795 tempus
777 1709 908 1795 sufficit,
938 1699 1030 1776 addit
1058 1709 1144 1775 enim
1168 1709 1271 1777 idem:

113 1813 219 1881 πάλιν
250 1801 307 1879 οὗν
329 1812 371 1880 ,οί
395 1811 430 1880 ἒν
454 1809 551 1877 ἄστει
572 1809 829 1893 πυνθανόμενοι
850 1811 975 1894 μᾶλλον
1000 1808 1270 1896 ἐταράσσοντοθ)

116 1916 253 1983 Videtur
282 1915 379 1999 igitur
399 1917 486 1983 Nero
516 1932 616 1995 usque
641 1913 684 1978 ad
706 1933 734 1979 a.
759 1919 821 1979 544
844 1913 878 1979 in
900 1913 1058 1997 Hispania
1079 1915 1271 1981 remansisse

119 2023 155 2083 et
182 2035 373 2100 quamquam
402 2037 467 2083 non
495 2016 661 2098 praeclare
682 2035 750 2081 rem
771 2018 931 2098 gesserat,
961 2015 1142 2080 auctoritati
1164 2021 1274 2083 tamen

120 2117 191 2184 eius
212 2116 246 2182 id
267 2138 330 2184 non
352 2117 493 2184 obbrisse
515 2116 659 2199 videtur,
672 2136 758 2199 ,nam
773 2135 844 2183 oum
862 2116 1140 2200 circumspicerent
1154 2122 1272 2201 patres,

117 2238 275 2301 quosnam
303 2220 450 2286 consules
477 2219 511 2285 in
540 2238 657 2295 annum
686 2222 746 2283 547
776 2219 933 2302 iacerent,
961 2216 1069 2300 longe
1095 2226 1169 2285 ante
1191 2218 1273 2285 alios

117 2321 281 2388 eminebat
303 2320 336 2387 Ο.
361 2320 514 2387 Claudius
538 2320 644 2388 Nero!
657 2320 683 2404 ⁷)

204 2421 356 2505 Sequitur
376 2423 458 2505 iam,
486 2428 522 2490 ut
543 2424 578 2489 P.
602 2423 766 2490 Cornelius
788 2422 913 2508 Scipio,
937 2442 1032 2506 quem
1057 2422 1139 2489 falso
1162 2422 1273 2489 Livius
1384 2506 1392 2514 x

117 2525 229 2592 etalii
252 2524 388 2590 comitiis
410 2524 595 2592 centuriatis
617 2525 838 2608 proconsulem
861 2528 1004 2589 creatum
1027 2534 1097 2590 esse
1119 2523 1274 2606 dicrota),

118 2629 154 2693 ct
174 2626 269 2693 simul
291 2625 333 2690 Μ.
349 2624 479 2692 Silanus
501 2643 529 2690 a.
547 2629 608 2688 544
631 2626 665 2691 in
683 2624 872 2709 Hispaniam
894 2624 984 2690 missi
1005 2624 1070 2691 sint
1091 2625 1144 2690 vel
1166 2644 1195 2689 a.
1212 2629 1274 2688 545

117 2747 160 2795 eo
182 2726 393 2811 pervenerint.
429 2726 499 2793 Hoc
522 2727 606 2792 enim
623 2714 779 2811 Polybius
801 2730 945 2811 testatur,
967 2725 1022 2809 qui
1044 2724 1127 2792 libro
1150 2725 1274 2794 decimo

120 2965 197 3015 1875.
216 2977 243 3029 p.
264 2965 311 3015 139
329 2964 380 3029 sq.)
404 2964 516 3029 propter
539 2958 661 3025 additum
679 2961 717 3010 ‘aa
735 2957 860 3011 Σικελίας
879 2957 942 3031 ἄρτι
959 2955 1118 3031 ἀφιγμένον
1134 2960 1276 3029 probabile

118 3061 178 3100 non
195 3047 244 3100 est.
318 3049 341 3110 4)
358 3044 468 3110 IliV·2ss,
480 3049 519 3098 14.
538 3044 573 3098 cf.
583 3049 607 3098 4.
618 3049 641 3096 7.
660 3043 704 3110 (de
722 3043 831 3112 Capuae
848 3044 1067 3112 expugnatione).
1138 3046 1163 3110 2)
1182 3049 1223 3112 26,
1234 3049 1275 3099 2ο.

119 3135 148 3196 3)
171 3129 257 3197 Quale
280 3132 339 3184 erat
361 3128 518 3183 mandatum
536 3128 676 3198 Cornelio,
697 3133 728 3182 ut
745 3127 808 3182 dum
826 3127 864 3182 M.
882 3127 983 3184 Atilius
999 3128 1029 3183 in
1047 3129 1158 3185 Corsica
1175 3130 1277 3186 bellum
1319 3150 1323 3156 ¹

117 3220 238 3284 gereret,
261 3217 407 3284 prorogato
430 3213 543 3282 imperio
568 3212 720 3268 Sardiniam
744 3213 886 3287 obtineret.
920 3213 979 3268 Lis.
999 3219 1041 3280 41,
1060 3217 1101 3267 24.
1137 3214 1172 3269 et.
1190 3219 1231 3281 27,
1251 3222 1276 3270 7.

119 3304 165 3363 30,
186 3304 207 3352 4.
224 3302 265 3366 32,
285 3303 326 3353 26.
362 3297 441 3365 Quod
458 3298 564 3352 Becker
582 3298 625 3353 l.l.
644 3315 670 3367 p.
683 3302 730 3351 448
749 3298 782 3352 de
799 3297 947 3366 ignominia
963 3297 1066 3355 Neroni
1082 3299 1159 3353 illata
1177 3304 1276 3366 monet,

118 3383 151 3438 id
173 3382 297 3452 equidem
321 3397 377 3436 nou
394 3397 517 3450 urgeam,
541 3397 704 3452 quamquam
721 3382 856 3437 Neronem
873 3397 986 3451 magnae
1004 3384 1173 3439 auctoritatis
1191 3384 1277 3439 virum
1368 3422 1372 3435 .

118 3467 206 3523 fuisse
225 3466 353 3523 concedo.
422 3468 449 3536 4)
467 3466 526 3521 Liv.
546 3471 587 3533 26,
608 3472 648 3522 17.
667 3466 784 3522 cf..Zou.
804 3471 828 3532 9,
848 3472 872 3520 7.
942 3471 969 3532 5)
988 3466 1047 3521 Liv.
1065 3467 1082 3521 l.
1100 3468 1119 3520 l,
1138 3467 1277 3523 Frieders-

120 3551 196 3608 dorff
216 3551 318 3614 tLivius
342 3553 370 3606 et
391 3551 521 3622 Polybius
543 3568 571 3620 p.
597 3555 637 3617 42)
666 3551 863 3621 expeditionem
886 3552 960 3605 illam
980 3550 1083 3607 factam
1105 3567 1165 3606 esse
1188 3558 1277 3622 negat,

120 3638 187 3707 quia
204 3636 342 3692 Romanos
367 3637 436 3691 citra
457 3637 566 3691 Iberum
589 3652 619 3691 se
636 3635 802 3692 continuisse
818 3635 911 3691 Livius
928 3639 981 3701 (26,
999 3640 1040 3702 24),
1062 3638 1087 3701 2)
1105 3641 1132 3691 et
1149 3636 1277 3708 Polybius

120 3727 176 3790 (10,
186 3726 264 3788 6-7)
282 3722 382 3776 dicant.
409 3721 465 3776 Res
482 3725 540 3776 tum
558 3737 575 3776 a
592 3721 700 3777 Nerone
717 3725 808 3790 gestas
826 3721 984 3775 consulatus
1001 3719 1086 3789 gloria
1103 3726 1200 3778 auctas
1218 3737 1278 3781 esse

120 3806 213 3862 minus
237 3812 312 3862 recte
329 3806 409 3874 dicit,
427 3822 488 3860 cum
505 3805 645 3861 infamem
662 3807 749 3862 solum
767 3805 919 3874 collegisset
936 3804 1017 3860 Nero.
1055 3805 1090 3860 cf.
1108 3805 1166 3859 Liv.
1185 3809 1226 3874 27,
1245 3811 1278 3860 44

121 3895 193 3947 extr.
263 3896 290 3959 6)
307 3891 348 3946 Ib.
362 3895 402 3946 47.
422 3890 456 3944 cf.
467 3890 561 3945 Liba
578 3892 644 3946 Zon.
654 3893 672 3945 l.
681 3892 699 3945 1.
718 3890 770 3951 ¹De
786 3890 906 3960 Appiani
923 3889 1086 3944 auctoritate
1103 3895 1130 3945 et
1147 3890 1277 3958 fontibus,

120 3976 224 4047 quibus
241 3977 271 4032 in
289 3976 371 4032 buius
383 3975 513 4045 temporis
527 3975 610 4032 rebus
622 3975 780 4031 enarrandis
793 3991 859 4031 usus
871 3975 921 4040 sit,
940 3975 1025 4030 multa
1036 3974 1174 4045 praedicat
1186 3975 1279 4030 Keller

118 4063 139 4116 l.
160 4063 177 4117 1.
249 4065 275 4123 7)
292 4061 350 4115 Liv.
370 4066 411 4130 27,
430 4065 462 4116 34
481 4060 516 4116 ci.
539 4065 576 4114 44.
645 4063 672 4124 8)
692 4060 733 4114 cf.
751 4061 844 4129 Lange
861 4059 894 4114 R.
914 4059 946 4112 A.
965 4060 986 4127 l,
1006 4065 1063 4116 746.
