2996 4784
215 239 289 335 '134
663 271 802 326 lietlerius
819 257 954 327 Wilsdorf

226 446 407 533 provincias
434 445 468 512 in
498 463 615 510 annum
647 447 704 506 711
736 441 818 509 inter
844 463 879 507 se
902 441 1007 509 sortiri
1028 439 1159 523 iussit.1)
1203 439 1383 524 Hispaniae

227 547 398 616 obvenisse
420 546 568 620 videntur
591 545 626 609 L.
643 544 790 610 Cornelio
809 544 954 626 Lentulo,
977 543 1112 609 fortasse
1127 541 1220 626 Nigri
1240 541 1383 608 flaminis

226 648 384 717 Martialis
405 647 482 730 filio,
506 651 537 712 et
558 646 595 724 Q.
619 646 741 729 Cassio,
765 666 859 728 quem
885 665 981 729 supra
1004 644 1040 723 Q.
1064 644 1168 710 Cassii
1189 644 1327 728 Longini
1348 644 1383 709 in

227 750 385 837 Hispania
413 749 555 832 legatum
584 746 831 830 eognovimusa)
875 749 965 828 Quae
986 746 1108 813 sortitio
1132 745 1285 835 Cicerone
1307 765 1381 811 auo-

227 861 295 919 tore
317 874 337 918 a
358 856 472 918 senatu
493 851 583 916 irrita
604 851 692 916 faeta
714 854 763 916 θεῖ
778 869 806 914 a.
824 849 854 915 d.
872 849 944 913 XII.
961 849 1033 914 Kal.
1049 848 1133 930 lan.;
1157 853 1287 913 senatus
1308 866 1380 912 oon-

227 956 344 1021 sultum
368 954 451 1019 enim
474 951 558 1018 huno
579 953 612 1017 in
627 951 756 1017 modum
772 951 966 1017 factumest:
991 949 1147 1015 ‘senatum
1165 948 1207 1014 ad
1222 968 1383 1015 summam

226 1076 294 1122 rem
316 1053 478 1139 publicam
501 1054 659 1138 pertinere
682 1051 830 1118 arbitrari
851 1073 871 1117 a
893 1053 932 1117 D.
950 1053 1048 1118 Bruto
1072 1056 1104 1117 et
1125 1052 1160 1116 L.
1181 1051 1301 1115 Planco
1323 1049 1381 1113 im-

227 1155 437 1238 peratoribus,
461 1155 644 1221 oonsulibus
667 1153 854 1238 designatis,
880 1154 1020 1236 itemque
1043 1172 1063 1216 a
1086 1153 1209 1235 ueteris,
1232 1152 1287 1236 qui
1308 1172 1381 1236 pro-

228 1257 350 1323 vincias
372 1256 524 1337 obtinent,
548 1255 683 1322 obtineri
706 1276 747 1321 ex
770 1256 842 1339 lege
863 1255 955 1336 Iulia,
978 1253 1085 1339 quoad
1108 1275 1149 1321 ex
1163 1260 1293 1321 senatus
1309 1275 1383 1321 oon·

228 1359 311 1424 sulto
335 1357 449 1439 ouique
473 1377 583 1423 eornm
605 1376 785 1424 successum
807 1357 857 1438 sit,
881 1376 1000 1439 eosque
1016 1357 1093 1423 dare
1109 1375 1250 1441 operam,
1273 1361 1308 1420 ut
1324 1376 1383 1422 eae

229 1459 413 1542 provinciae
442 1465 539 1539 atque
568 1460 726 1525 exereitus
755 1459 788 1522 in
817 1458 920 1524 senati
942 1458 1115 1542 populique
1138 1458 1273 1525 Romani
1293 1464 1383 1542 pote-

229 1566 311 1626 state
333 1559 559 1644 praesidioque
581 1560 797 1644 reipublicae
820 1557 933 1642 sint.’³)
973 1562 1183 1643 Prorogatum
1205 1559 1303 1641 igitur
1324 1560 1382 1625 im-

186 1731 192 1742 (
228 1661 350 1747 perium
366 1666 414 1727 est
428 1660 552 1745 Lepido
569 1667 600 1727 et
615 1661 761 1727 Pollioni.
788 1662 942 1728 Lentulus
959 1662 1087 1743 quidem
1103 1661 1302 1748 provinoiam
1317 1661 1384 1725 iam

167 1771 186 1801 ·
229 1761 353 1846 pridem
382 1762 543 1828 remisisse
572 1762 703 1843 dieitur,
733 1782 805 1828 oum
822 1764 871 1843 Q.
896 1763 1024 1829 Cassius
1051 1764 1212 1830 remittere
1241 1761 1384 1846 nollet.⁴)

228 1863 352 1930 Eodem
382 1865 448 1929 iere
477 1869 619 1947 tempore
640 1863 796 1949 Lepidus,
827 1884 899 1931 oum
922 1863 1096 1931 Antonium
1126 1865 1211 1932 bello
1233 1866 1385 1950 persequi

229 1964 334 2031 iussus
365 1970 464 2048 esset,
494 1984 606 2031 suasor
634 1965 723 2050 pacis
754 1986 825 2031 oum
847 1965 903 2032 illo
927 1967 1060 2033 oonsilia
1082 1967 1329 2039 eommunioavit
1351 1972 1384 2032 θῖ

229 2064 311 2149 prid.
334 2066 407 2132 Kal.
430 2065 537 2143 Quint.
560 2064 660 2131 hostis
681 2066 728 2132 rei
756 2067 905 2152 publicae
933 2067 1093 2135 iudicatus
1120 2067 1207 2152 esti)
1252 2068 1383 2135 Asinius

229 2166 332 2234 Pollio
355 2171 473 2247 autern,
489 2167 552 2248 qui
574 2188 595 2232 a
609 2172 739 2232 senatus
754 2175 846 2251 parte
864 2173 949 2235 stare
964 2169 1144 2254 videbatur,
1167 2191 1276 2237 mense
1291 2171 1383 2244 Iunio

230 2266 381 2333 Corduba
402 2270 563 2351 profectus
585 2288 695 2334 mense
717 2269 784 2334 fere
800 2269 981 2363 Septembri
1005 2290 1076 2336 oum
1091 2271 1230 2339 Antonio
1253 2292 1289 2338 se
1310 2293 1381 2338 oon·

229 2367 341 2435 iunxit.
354 2367 379 2449 6)
432 2368 515 2433 Tum
544 2367 746 2436 triumviratu
772 2369 818 2437 rei
848 2371 996 2456 publioae
1028 2373 1270 2441 constituendae
1298 2378 1382 2441 faoto

230 2468 367 2554 primum
394 2468 575 2553 provincias
598 2470 762 2538 Bononiae
789 2473 950 2557 principes
977 2474 1059 2542 inter
1081 2495 1116 2542 se
1137 2475 1248 2559 partiti
1269 2476 1381 2559 sunta)

231 2570 372 2654 Lepidus
386 2570 468 2655 prid.
484 2571 556 2636 Kal.
572 2572 639 2637 Ian.
656 2572 697 2638 de
712 2573 870 2659 Hispania
891 2576 1099 2659 triumphavit
1110 2569 1299 2660 8);”1θςθῖθε
1315 2579 1383 2644 eius

229 2672 263 2737 in
285 2673 457 2756 provinciis
479 2673 671 2739 remansisse
692 2675 837 2741 arbitror.

231 2776 304 2838 712.
327 2774 368 2838 M.
391 2773 548 2841 Aemilius
572 2773 713 2859 Lepidus
734 2776 831 2842 Illvir
852 2778 914 2859 leg.
937 2778 999 2843 Tit.
1023 2798 1086 2845 eos.
1274 2856 1277 2861 .

383 2876 466 2961 App.
484 2875 513 2941 b.
530 2896 556 2942 o.
572 2880 602 2959 4,
619 2878 637 2937 2
654 2882 734 2943 extr.
758 2874 845 2958 ἔχειν
859 2874 1037 2945 Ἀντώνιον
1060 2881 1121 2962 μὲν
1139 2880 1200 2967 την
1216 2879 1382 2968 Κελτικὴν

383 2971 519 3042 ἅπασαν
543 2973 622 3042 ἄνευ
645 2983 707 3064 τῆς
730 2985 902 3064 συναφοῦς
924 2992 996 3058 τοῖς
1018 2986 1229 3068 Πυρηναίοις
1257 2976 1380 3068 ὄρεσιν,
1486 3036 1487 3059 ,

384 3073 425 3164 ἣν
452 3076 772 3151 παλαιὰν,ἒκάλαυν
799 3079 978 3166 Κελτικὴν,
1002 3082 1125 3171 ταύτης
1155 3083 1192 3151 δὲ
1221 3083 1381 3150 Λέπιδον
1486 3070 1487 3087 ¹

385 3175 499 3260 ἄρχειν
522 3182 578 3246 καὶ
598 3176 741 3265 Ἰβηρίας
764 3176 824 3245 ἐπὶ
846 3179 958 3267 ταύτῃ.
990 3184 1029 3250 of.
1045 3184 1111 3253 Dio
1124 3190 1175 3270 46,
1192 3190 1241 3254 55.
1263 3191 1382 3272 47,16.

385 3280 690 3371 mutauerant.
716 3281 780 3348 ou.
797 3286 847 3361 ro.
875 3285 1099 3370 Liv.ep.1uo.
1130 3286 1215 3355 Suet.
1232 3290 1315 3372 Aug.
1333 3292 1382 3381 aq.

382 3381 467 3449 Flor.
492 3387 522 3466 4,
545 3385 573 3449 6.
617 3383 704 3448 Eutr.
728 3387 757 3468 7,
781 3388 809 3449 2.
1486 3420 1487 3427 .

232 3500 436 3511 ——..—.

319 3584 343 3647 1)
362 3579 416 3635 (lie.
432 3580 501 3635 Phil.
520 3585 544 3646 3,
564 3586 603 3649 19,
622 3588 664 3638 24.
718 3588 743 3651 2)
760 3585 791 3639 L.
804 3584 937 3639 Lentulus
955 3584 1037 3653 Niger
1055 3587 1132 3642 rand.
1153 3603 1227 3643 cons.
1241 3592 1299 3643 695.
1328 3578 1383 3644 Cio.

232 3662 294 3718 Vat.
315 3668 354 3731 16,
373 3668 414 3718 25.
433 3665 466 3719 de
478 3664 579 3722 cassio
598 3667 632 3723 oi.
651 3685 676 3738 p.
699 3674 753 3723 131.
824 3673 849 3735 3)
868 3670 923 3725 Oia.
943 3669 1010 3725 Phil.
1030 3677 1053 3739 3,
1075 3676 1113 3739 16,
1132 3676 1173 3727 38.
1243 3677 1269 3739 4)
1287 3674 1328 3729 lb.
1344 3677 1382 3738 19,

231 3751 332 3803 2626.
403 3752 428 3814 5)
447 3748 502 3804 (lie.
520 3750 583 3804 fam.
605 3756 644 3819 19,
663 3758 686 3808 6.
706 3757 746 3807 91.
769 3759 808 3821 11,
829 3758 868 3820 18,
887 3759 911 3809 2.
941 3755 1010 3810 Phil.
1032 3760 1071 3823 13,
1089 3762 1113 3823 4,
1132 3762 1155 3809 1.
1178 3759 1297 3827 -App
1315 3756 1342 3813 b.
1361 3772 1382 3811 o.

232 3837 256 3899 3,
275 3836 317 3888 84.
353 3833 566 3891 Proernam.
601 3837 660 3893 Liv.
679 3855 720 3909 ep.
741 3843 797 3892 119.
818 3838 902 3909 ¹llell.
922 3843 946 3906 2,
965 3845 1005 3896 63.
1024 3845 1064 3896 64.
1142 3843 1168 3907 6)
1185 3842 1242 3897 Liv.
1261 3857 1304 3911 ep.
1326 3846 1381 3896 120.

230 3916 300 3973 Veli.
319 3919 343 3983 2,
362 3920 402 3971 63.
439 3919 510 3989 App.
528 3920 554 3974 b.
574 3937 597 3976 o.
617 3927 641 3988 3,
659 3928 701 3978 91.
801 3927 916 3995 1)Ἀρρ.
933 3927 961 3981 b.
978 3941 1001 3979 e.
1019 3931 1044 3992 4,
1063 3930 1077 3979 2
1097 3941 1154 3996 sqq.
1174 3926 1207 3981 ei.
1226 3927 1262 3982 ad
1280 3943 1304 3982 a.
1325 3932 1381 3981 712.

230 4004 256 4063 8)
278 4000 308 4055 G.
327 4001 348 4054 I.
366 3999 399 4054 L.
416 4002 438 4070 l,
456 4019 483 4072 p.
501 4008 559 4058 416.
