2996 4784
410 313 476 369 lasti
493 313 686 384 Hispaniarum
704 314 912 382 provinciarum.
1130 322 1142 349 ·
1174 315 1234 376 111

84 488 149 551 658
178 483 338 569 posuerit,
367 484 546 552 aoouratius
574 485 691 553 nostris
718 485 810 552 fastis
838 487 1031 571 eomparatis
1058 458 1143 555 anno
1174 492 1235 553 655

82 585 277 671 assignabis.
1160 628 1164 633 =

84 689 265 754 656-666.
288 689 326 753 Τ.
348 685 465 754 Didius
486 707 549 754 eos.
573 687 625 753 cit.
647 687 687 753 ir

239 790 322 873 App.
335 787 385 885 lb.
401 791 451 853 99.
475 793 637 871 Κίμβρων
660 784 694 852 ‹l'
719 787 949 868 ἐξελαθέντων
976 795 1077 868 Τίτος
1098 791 1237 870 Δείδιος

240 887 400 956 ἐπελθὼν
413 885 606 972 >trevanae
620 888 683 972 μὲν
699 886 845 956 ἔκτεινεν
869 888 904 967 ἐς
921 890 1128 976 δισμυρίους,
1153 899 1237 977 Τερ-

240 988 371 1076 μησσδν
401 988 439 1055 δὲ
467 988 615 1075 μεγάλην
644 988 744 1056 πόλιν
774 987 830 1057 ἀεὶ
864 991 1039 1079 δυσπειθῆ
1062 989 1237 1077 Ῥωμαίοις
1345 1002 1349 1008 ’

238 1095 420 1176 γενομένην
451 1088 489 1171 ἐξ
516 1089 660 1175 lavaroni
688 1090 875 1178 κατήγαγεν
904 1092 940 1171 ἐς
969 1093 1008 1158 ιδ
1035 1093 1157 1161 πεδίον
1179 1097 1237 1162 καὶ

241 1191 417 1261 ἐκέλευσεν
440 1190 547 1257 οἰκεῖν
570 1189 790 1274 ἀτειχίστους.
827 1194 866 1262 of.
890 1195 972 1262 Plut.
995 1195 1076 1263 Seri.
1096 1200 1126 1264 3.
1156 1197 1234 1265 Sall.

238 1314 289 1379 ap.
314 1295 396 1362 Gall.
421 1298 450 1377 2,
473 1298 523 1360 27.
568 1293 637 1362 Liv.
660 1314 711 1379 op.
734 1299 784 1361 70.
830 1294 970 1378 Obsequ.
994 1301 1044 1362 47.

171 1399 210 1463 Τ.
232 1397 346 1463 Didius
369 1404 496 1479 quoque
518 1416 538 1461 a
559 1394 712 1463 Cioerone
733 1399 892 1464 nonnullis
916 1397 995 1465 loeis
1017 1398 1113 1467 bomo
1134 1420 1236 1468 novus

84 1498 201 1565 dieitur
208 1546 217 1581 ,
247 1500 301 1580 qui
329 1518 401 1564 oum
429 1518 493 1564 una
515 1518 585 1564 oum
606 1499 646 1578 Q.
669 1498 807 1566 Caenilio
828 1500 960 1566 Metello
983 1500 1110 1584 Nepote
1131 1502 1237 1587 legem
1350 1510 1358 1517 “

83 1600 260 1669 Caeciliam
281 1598 412 1665 Didiam
434 1597 476 1665 de
497 1600 750 1682 promulgatione
770 1601 970 1685 pertulisset,
992 1602 1161 1683 quominus
1182 1624 1235 1672 eo·

83 1700 160 1768 dem
188 1692 270 1768 anuo
299 1701 331 1765 in
358 1701 555 1785 provinciam
583 1701 702 1780 abiret,
736 1707 772 1766 ut
800 1701 866 1768 alia
895 1703 1046 1786 exempla
1073 1702 1235 1790 deornm),

82 1803 165 1869 nibil
193 1801 325 1868 obstitit.
369 1801 462 1881 Quod
483 1801 594 1869 Livius
622 1802 746 1869 soribit:
769 1800 816 1868 (Τ.
844 1802 960 1869 Didius
987 1807 1157 1889 prooonsul
1178 1806 1234 1874 ad-

8 1898 10 1901 ’
82 1922 197 1970 vorsus
226 1903 404 1969 Celtiberos
432 1903 567 1969 telieiter
593 1903 768 1987 pugnavit,
796 1924 860 1970 non
889 1905 998 1986 utique
1027 1905 1070 1971 ad
1098 1908 1235 1991 primum

8 2080 9 2083 Ἴ
84 2003 367 2073 administrationis
389 2024 507 2070 annam
528 2004 729 2071 referendum
751 2003 839 2088 esti)
882 2006 920 2069 A.
944 2009 1006 2069 658
1029 2024 1102 2072 eum
1123 2009 1158 2074 in
1178 2009 1234 2075 Hi·

85 2105 201 2191 spania
220 2104 318 2171 luisse
335 2103 524 2186 Obsequens
537 2104 563 2185 ³)
585 2105 697 2173 testari
710 2104 852 2189 videtur3
875 2105 988 2172 sedne
1002 2106 1090 2191 prius
1105 2108 1235 2189 quidem

85 2226 182 2292 quam
204 2228 231 2273 a.
255 2210 315 2270 661
340 2208 411 2274 euin
434 2206 568 2274 rediisse
588 2215 753 2292 putamus,
782 2206 932 2289 quoniam
957 2207 990 2273 in
1012 2208 1104 2275 fastis
1126 2209 1234 2276 trium-

80 2309 232 2396 pbalibus
253 2308 406 2392 seriptum
428 2313 492 2376 est:

81 2408 1235 2478 T·DIDIVS·'i¹·F·SEX-NH·PROCOS·DX·HISPANIA·A·DCLX

145 2512 208 2578 ΒΕ
222 2535 230 2549 ·
246 2511 524 2578 CELTIBDRDIS
829 2512 914 2578 1111·
929 2511 1031 2577 IDVS
1047 2536 1054 2550 ·
1070 2512 1148 2578 IVN
1163 2537 1170 2552 ·

80 2616 167 2683 Nam
188 2617 262 2699 post
283 2611 419 2680 reditum
441 2613 637 2698 triumphum
658 2611 727 2678 eius
751 2611 946 2679 retardatum
972 2631 1044 2679 esse
1064 2619 1235 2697 propterea

7 2712 1232 2803 lmfflmmfflfflwmffimm

7 2830 8 2843 ¹
80 2814 199 2887 sularis
228 2823 278 2883 est
303 2834 409 2897 neque
437 2815 535 2881 aliurn
563 2815 685 2882 interea
712 2814 875 2880 oonsulem
900 2834 972 2881 earn
995 2814 1235 2884 administrasse

7 2954 9 2991 ε
78 2919 210 2986 seimus.
254 2919 305 2983 De
327 2935 390 2998 quo
413 2915 573 3000 triumpho
595 2915 783 2984 erudelitate
804 2920 901 2995 atque
928 2915 1045 2980 iniuria
1073 2923 1234 3001 reportato

7 3026 8 3105 ς
79 3019 251 3106 appianus
274 3018 415 3085 breviter
435 3016 496 3083 sio:
518 3016 576 3081 καί
599 3014 657 3082 ἐπὶ
680 3014 796 3080 τοῖσδε
819 3014 958 3092 Δείδιος
980 3016 1042 3097 μὲν
1060 3017 1118 3081 aul
1133 3015 1233 3101 ἐθρι-

79 3119 262 3205 άμβευσεν.
305 3119 342 3184 In
364 3118 455 3185 Didii
476 3118 620 3186 exercitu
640 3118 760 3185 tribuni
780 3115 917 3183 militum
942 3117 1048 3185 lorum
1068 3117 1234 3187 obtinebat

7 3262 9 3321 3
79 3221 115 3301 Q.
140 3220 342 3299 Sertorius.⁴)
385 3221 436 3287 De
458 3219 596 3286 nummis
617 3218 815 3305 prooonsulis
836 3218 964 3303 scripsit
978 3218 1233 3301 Mommsenusa)

7 3346 9 3419 ᾗ
79 3320 262 3389 657-666,
286 3322 320 3387 Ρ.
343 3321 484 3388 Lioinius
506 3320 640 3388 Crassus
662 3319 763 3387 Dives
785 3338 848 3387 oos.
870 3320 927 3386 ult.
950 3321 990 3386 H.
1027 3354 1030 3359 ,

237 3422 310 3488 Asu.
333 3420 625 3508 sacrariam,
648 3424 699 3486 58.
728 3420 770 3486 Μ.
793 3420 900 3487 Crassi
929 3427 1020 3506 pater
1040 3421 1077 3487 P.
1100 3420 1233 3488 Crassus

237 3523 459 3691 ffibbgssu?
474 3522 633 3688 1Iltalioum
668 3522 710 3589 de
738 3521 890 3605 Hispanis
925 3520 1142 3606 triumphavit.
1191 3519 1233 3586 of.

336 3676 343 3690 .
387 3674 396 3709 ,
440 3673 449 3707 ‚
515 3672 523 3689 .

171 3792 195 3855 1)
213 3786 334 3844 Veniunt
350 3789 379 3843 in
396 3792 513 3844 montem
530 3787 690 3842 M’.Aoilius
707 3774 822 3842 Glabrio
831 3801 885 3842 cos.
896 3791 953 3851 563,
971 3784 1009 3840 M.
1018 3786 1137 3842 Baebium
1149 3785 1231 3841 Tam·

7 3834 9 3927 ι
78 3876 172 3946 pbilns
194 3889 218 3929 a.
236 3877 301 3940 573,
322 3871 351 3927 C.
370 3872 519 3928 Flaminius
543 3887 568 3927 a
587 3876 646 3928 537.
681 3869 716 3927 of.
740 3870 1025 3928 attenderemus
1049 3870 1232 3938 (165352).

7 3944 8 3973 ³
80 3963 105 4020 ιι
124 3958 272 4029 esaum.
291 3955 598 4013 uenerandumne.
650 3961 676 4023 a)
693 3960 735 4012 aa.
786 3961 813 4019 ι)
831 3955 903 4010 Plut.
916 3954 1019 4010 sarae.
1072 3954 1231 4022 sammaa.

7 4060 8 4119 p
79 4059 106 4112 p.
124 4048 185 4098 456.
222 4042 256 4098 of.
275 4042 444 4112 BorghesiI,
463 4046 521 4097 326.
