2996 4784
241 289 282 351 72
667 292 806 348 Detlerius
822 292 959 375 ¹Wilsdori

239 465 422 551 provincias
444 464 734 550 proficiscebantur.
764 464 887 544 Quodsi
908 464 1029 529 nnMum
1043 463 1306 549 impedimentum
1322 487 1398 552 gra·

240 569 311 635 vius
334 566 517 651 accedebat,
539 567 573 632 id
595 586 705 633 mense
726 567 793 633 fere
809 566 893 633 Maio
915 565 1034 632 factum
1057 586 1129 634 esse
1143 567 1312 651 probabile
1326 567 1397 652 est'3

238 669 428 753 plerumque
450 673 557 735 autem
579 666 679 734 fiebat
699 669 796 752 paulo
818 667 949 734 tardius.
979 668 1093 748 Itaque
1115 668 1143 734 si
1157 668 1200 734 ad
1215 668 1276 735 iter
1290 670 1399 736 Roma

241 771 456 838 Tarraconem
477 768 709 835 conficiendum
731 789 872 836 mensem
893 769 960 835 fere
983 779 1204 854 consumptum
1222 790 1292 838 esse
1308 773 1397 838 coni-

241 872 351 956 cimus,
374 878 449 938 ante
471 890 613 938 mensem
630 872 756 939 Iunium
777 871 987 956 imperatores
1008 870 1041 936 in
1056 871 1214 956 Hispania
1236 892 1308 940 esse
1330 895 1400 941 non

239 978 398 1058 poterant.
440 973 633 1056 Exemplum
661 973 796 1058 praebet
821 992 923 1039 annus
952 975 1029 1057 563,
1059 992 1137 1056 quo,
1167 979 1238 1039 cum
1264 982 1399 1042 senatus

239 1073 305 1141 iam
333 1074 447 1158 priore¹
467 1094 550 1140 anno
580 1074 675 1142 bellis
698 1075 851 1157 gravibus
875 1073 1112 1141 imminentibus
1133 1075 1317 1159 provincias
1339 1078 1398 1144 de-

240 1173 401 1256 signasset
423 1176 605 1259 militesque
627 1177 783 1251 conscribi
812 1177 973 1259 iussisset,
1003 1177 1208 1258 magistratus
1231 1179 1307 1244 novi
1328 1199 1399 1246 sor-

240 1275 351 1343 titione
365 1277 452 1344 facta
474 1278 582 1344 statim
604 1278 693 1344 abire
715 1284 879 1363 poterant;
906 1277 1006 1344 nihilo
1028 1282 1135 1346 tamen
1157 1280 1261 1347 secius
1283 1280 1398 1365 primis

240 1377 369 1444 demum
384 1379 450 1445 Mai
464 1379 582 1446 mensis
597 1379 711 1446 diebus
726 1380 882 1462 abierunt,
898 1383 933 1445 ut
947 1379 1058 1444 Livius
1073 1378 1213 1446 tradidit.
1221 1379 1245 1463 1)
1273 1380 1395 1465 Saepe-

240 1499 372 1547 numero
393 1487 500 1547 autem
523 1481 667 1548 delectus
689 1481 808 1548 diutius
828 1479 1036 1547 retardabant
1058 1481 1278 1567 magistratus,
1301 1504 1395 1568 prae-

240 1580 350 1647 sertim
378 1582 406 1647 si
434 1587 547 1650 senatu
575 1583 676 1649 invito
703 1584 840 1650 maiores
863 1582 973 1667 copias
995 1601 1103 1647 secum
1126 1581 1243 1650 ducere
1265 1586 1396 1652 vellent.

240 1682 275 1749 (l,
298 1683 476 1752 Flaminius
498 1704 526 1751 a.
552 1689 610 1750 561
636 1705 707 1750 cum
729 1702 750 1748 a
772 1691 884 1751 senatu
906 1676 987 1749 nihil
1010 1683 1228 1767 impetrasset,
1258 1686 1291 1752 in
1314 1685 1396 1752 Sici·

240 1784 317 1850 liam
341 1783 483 1852 delectus
498 1804 596 1852 causa
611 1786 792 1869 navigasse,
809 1783 925 1852 deinde
940 1784 974 1850 in
989 1784 1106 1866 Africa,
1123 1803 1185 1865 quo
1201 1790 1395 1872 tempestate

240 1886 366 1952 delatus
388 1893 466 1968 erat,
490 1887 628 1969 donique
650 1887 683 1952 in
704 1886 863 1972 Hispania
880 1887 952 1971 ipsa
967 1885 1086 1952 milites
1101 1886 1270 1969 collegisse
1285 1889 1394 1956 fertur.

211 1992 213 1995 ’
240 1985 334 2065 Quod
361 1986 389 2053 si
417 1992 502 2055 recte
524 1987 670 2054 Valerius
692 1989 807 2055 Antias
836 1987 977 2055 narravit
987 1987 1013 2071 2)
1020 2036 1028 2070 ,
1060 2005 1156 2068 quam
1185 1989 1242 2056 ille
1266 2010 1338 2057 sero
1359 1992 1396 2056 in

238 2087 438 2175 provinciam
459 2090 646 2173 pervenisse
668 2089 846 2156 credendus
872 2092 933 2156 esti
977 2088 1077 2154 Primi
1105 2088 1234 2172 quidem
1257 2091 1395 2175 impera-

239 2197 325 2258 tores
347 2190 484 2257 navibus
506 2190 695 2274 Hispaniam
717 2191 764 2257 sic
785 2192 948 2276 petebant,
970 2197 1006 2255 ut
1027 2189 1152 2274 Lunai)
1175 2192 1228 2258 vel
1249 2192 1394 2259 Puteolis

239 2292 293 2358 vel
314 2291 356 2358 ab
379 2291 470 2358 ostiis
485 2291 645 2359 Tiberinis
653 2297 679 2375 4)
701 2294 875 2360 secundum
889 2291 1036 2360 Etruriae
1057 2299 1090 2358 et
1109 2292 1276 2376 Ligustina
1297 2293 1395 2360 litora

238 2398 429 2477 praeterque
458 2392 634 2459 Massiliam
664 2395 832 2479 Emporias
861 2395 1058 2478 navigarent.
1103 2393 1189 2473 Quot
1218 2394 1275 2461 illa
1303 2395 1393 2462 navi-

239 2495 327 2579 gatio
350 2493 472 2560 dierum
495 2493 707 2577 fueritnerto
730 2495 837 2562 dicere
860 2517 954 2562 nemo
977 2500 1096 2580 potest:
1121 2493 1155 2560 (l.
1172 2497 1301 2563 Laelius
1325 2495 1391 2563 Soi-

238 2595 344 2680 pionis
372 2597 499 2679 legatus
527 2617 556 2663 a.
585 2602 646 2662 544
670 2597 714 2681 (i)
737 2598 869 2681 triginta
895 2602 1046 2679 quattuor
1073 2597 1186 2663 diebus
1210 2599 1392 2666 Tarracone

238 2700 374 2765 Romam
396 2699 533 2765 navibus
554 2699 741 2781 pervenisse
763 2696 918 2779 dicitur.⁵)
948 2696 1102 2763 Nonnulli
1123 2716 1186 2762 non
1209 2702 1311 2765 totum
1333 2703 1392 2767 iter

238 2821 296 2886 per
318 2820 406 2866 mare
428 2799 644 2882 absolverunt,
667 2797 725 2864 sed
746 2818 804 2881 per
825 2797 984 2863 Etruriam
1007 2803 1039 2864 et
1060 2786 1213 2878 Ligurum
1235 2798 1315 2868 fines
1337 2822 1390 2886 pe-

204 2962 208 2970 .
239 2901 338 2969 destri
356 2900 469 2969 itinere
483 2900 662 2967 Massiliam
676 2899 857 2984 petiverunt
874 2905 906 2965 et
921 2898 1065 2966 Massilia
1079 2897 1208 2965 demum
1222 2902 1392 2988 Emporias

237 3004 360 3072 ratibus
382 3004 583 3070 traiecerunt.
613 3000 739 3067 Dicitur
754 3001 839 3067 enim
853 3002 889 3066 L.
905 3001 1046 3068 Baebius
1062 3021 1090 3069 a.
1108 3004 1169 3065 565
1184 3023 1242 3086 per
1257 3005 1391 3088 Ligures

236 3106 270 3171 in
284 3105 397 3170 itinere
412 3122 582 3189 oppressus
598 3108 629 3169 et
639 3102 803 3169 Massiliae
817 3107 959 3168 mortuns
974 3120 1045 3168 esse
1053 3100 1079 3187 6)
1090 3101 1276 3185 ibidemque
1287 3125 1315 3171 a.
1330 3111 1388 3172 581

236 3206 276 3273 Ν.
293 3204 414 3271 Fabius
435 3202 580 3289 Buteol)
616 3203 769 3268 Extremo
791 3202 922 3268 tandem
943 3203 1064 3270 liberae
1087 3203 1133 3270 rei
1154 3205 1303 3288 publicae
1321 3227 1390 3274 sae-

237 3308 308 3374 culo
331 3311 432 3373 totum
453 3306 515 3373 iter
537 3325 607 3372 cum
630 3305 772 3371 exercitu
793 3304 887 3370 facile
909 3303 1044 3389 pedibus
1067 3304 1178 3372 confici
1200 3308 1312 3390 potuit.
1353 3311 1388 3376 A.

238 3410 323 3476 enim
350 3411 411 3473 632
435 3407 543 3475 Gallia
564 3390 766 3474 Narbonensi
791 3406 958 3489 provincia
984 3405 1070 3473 facta
1096 3404 1172 3473 inde
1198 3427 1218 3472 a
1239 3409 1390 3478 Narbone

237 3530 333 3595 super
354 3504 538 3594 Pyrenaeos
566 3514 689 3575 montes
717 3508 772 3574 via
800 3508 962 3590 militaris,
990 3526 1072 3589 qnae
1094 3508 1237 3576 Domitia
1266 3511 1389 3593 dicitur,

237 3611 361 3679 munita
383 3611 472 3703 est.⁸)
510 3608 603 3688 Quid,
618 3609 704 3692 quod
721 3608 882 3676 ciceronis
904 3613 1011 3676 aetate
1033 3608 1129 3676 etiam
1151 3610 1185 3677 in
1207 3612 1389 3681 ulteriorem

324 3778 348 3842 1)
365 3775 424 3830 niv.
443 3780 489 3843 ss,
508 3780 549 3829 41.
586 3775 620 3832 ef.
639 3780 734 3843 aaa,
755 3781 794 3830 14.
881 3777 1095 3843 utiusqu.
1186 3779 1269 3844 s)1b.
1288 3783 1329 3846 so,
1349 3785 1389 3835 ar.

238 3865 265 3926 4)
282 3861 323 3914 Ib.
342 3864 390 3923 26,
414 3863 460 3925 19,
484 3860 532 3915 ubi
549 3859 683 3930 Scipionis
704 3861 756 3915 iter
772 3858 907 3915 ‘accurate
928 3861 1093 3930 descriptum
1112 3865 1166 3928 est,
1191 3863 1236 3931 qui
1252 3864 1388 3933 Emporiis

236 3946 421 4001 Tarraconem
441 3944 580 4014 profectus
604 3948 646 4001 est
666 3945 789 4014 pedibus.
877 3950 903 4012 5)
926 3946 965 4000 lb.
985 3951 1032 4013 27,
1056 3951 1081 4000 7.
1168 3952 1194 4013 6)
1216 3947 1256 4002 Ib.
1276 3952 1323 4010 37,
1349 3953 1389 4003 57.
1483 3966 1484 3991 r

236 4036 263 4096 7)
280 4031 320 4086 Ib.
340 4034 381 4097 ta,
399 4034 423 4084 4.
511 4033 536 4096 8)
553 4029 612 4086 Lis.
630 4045 673 4098 ep.
691 4035 732 4085 61.
769 4029 803 4084 cf.
823 4029 878 4085 (lic.
896 4029 978 4086 Eont.
996 4036 1020 4096 4,
1041 4035 1079 4086 12.
