2996 4784
350 348 353 354 ·
422 339 486 394 fasti
504 339 697 408 Hispaniarum
714 339 922 408 provinciarum.
1209 313 1252 406 8,

94 530 160 577 non
183 509 301 576 diserte
325 509 411 593 dicit,
435 511 492 576 sed
516 532 587 577 curn
606 530 633 576 a.
652 510 1032 599 intremiscamus,
1054 515 1142 582 haud
1158 517 1252 585 aliter

94 619 147 677 res
169 631 205 678 se
227 610 348 678 babere
369 618 483 696 potest.
516 612 625 679 Blasio
648 632 748 681 orans
770 610 881 680 urbem
903 614 1065 699 ingressus
1088 624 1145 702 est,
1168 621 1250 686 alter

93 732 136 779 ne
159 732 257 780 ausus
279 712 408 794 quidem
438 720 487 779 cst
514 714 708 799 triumphum
736 721 852 797 petere.
860 716 884 797 ¹)
927 721 965 782 A.
988 721 1049 782 558
1080 718 1248 787 Stertinius

96 835 169 882 cum
192 813 264 880 aliis
285 815 402 899 legatis
424 815 456 880 in
481 814 648 880 Graeciam
671 815 787 883 missus
809 819 897 901 esta)

94 921 169 983 557.
192 915 226 982 Ο.
242 916 447 999 Sempronius
468 914 648 981 Tuditanus
846 917 1005 1004 (procos.)

70 1022 157 1083 -557
181 1017 327 1102 (-559).
349 1019 391 1084 M.
414 1018 549 1084 Helvius
624 1008 633 1017 ⁸
708 975 821 1053 praett'
861 1040 983 1104 procos.

249 1119 318 1185 Liv.
343 1122 400 1202 32,
429 1123 479 1184 27.
509 1139 566 1185 sex
595 1126 757 1205 praetores
784 1120 842 1186 illo
870 1141 954 1188 anno
982 1123 1118 1206 primum
1147 1123 1247 1190 creati

249 1219 464 1287 crescentibus
479 1221 543 1290 iam
558 1221 730 1306 provinciis
745 1227 777 1288 et
792 1221 888 1288 latius
902 1228 1087 1307 patescente
1101 1224 1245 1309 imperio.

246 1322 291 1387 ib.
308 1325 358 1387 28.
374 1322 546 1406 Hispanias
569 1322 776 1406 Sempronius
798 1323 987 1408 citeriorem,
1009 1325 1143 1392 Helvius
1165 1327 1245 1393 ulte-

247 1424 362 1490 riorem
386 1430 434 1490 est
455 1425 595 1490 sortitus.
640 1423 678 1490 cf.
702 1424 785 1508 App.
808 1424 854 1489 lb.
879 1427 928 1491 39.

178 1525 229 1592 De
251 1527 485 1610 provinciarum
506 1525 623 1592 finibus
645 1525 677 1589 in
698 1525 898 1610 praefatione
921 1527 1051 1610 egimus.
1077 1528 1245 1612 vSempro·

89 1628 164 1693 nius
186 1647 257 1692 cum
273 1627 418 1694 hostibus
434 1646 623 1711 congressus
637 1626 740 1692 victus
755 1626 938 1695 interfectus
954 1626 1047 1712 esu),
1071 1630 1159 1696 cuins
1173 1630 1244 1697 loeo

90 1750 166 1795 num
198 1729 252 1811 qui
280 1731 405 1812 legatus
428 1735 484 1795 aut
505 1735 655 1812 quaestor
675 1728 708 1793 in
733 1726 908 1795 adventurn
932 1730 1123 1797 successoris
1144 1731 1243 1817 impe·
1311 1739 1317 1747 '

90 1831 174 1898 rium
196 1831 342 1914 tenuerit,
365 1832 557 1915 ignoramus.
587 1829 724 1896 Helvius
738 1828 772 1893 in
788 1829 937 1897 ulteriore
953 1830 1118 1915 provincia
1133 1852 1242 1916 aegro·

90 1939 145 1998 tus
171 1934 322 1999 remansit
351 1953 452 2017 usque
480 1931 523 1999 ad
549 1951 577 1996 a.
602 1934 679 2012 5593
710 1949 772 2012 quo
795 1951 866 1996 cum
889 1932 1050 2015 praesidio
1073 1933 1159 2015 eius,
1190 1935 1244 2016 qui

90 2041 162 2099 tum
183 2040 309 2116 praetor
324 2040 402 2117 erat,
425 2032 553 2100 rediens
568 2032 686 2115 hostes,
709 2033 764 2114 qui
782 2052 853 2098 eum
869 2033 901 2098 in
917 2032 1064 2098 citeriore
1078 2035 1243 2117 provincia

90 2135 331 2219 opprimebant,
359 2134 456 2218 fudit,
486 2152 602 2216 quare,
631 2151 824 2215 quamquam
852 2134 957 2200 alieno
985 2134 1130 2217 auspicio
1157 2135 1242 2201 etin

88 2236 198 2303 aliena
218 2236 384 2318 provincia
406 2240 613 2321 pugnaverat,
637 2234 818 2317 ovationem
841 2233 976 2320 adeptus
999 2233 1088 2319 estt)
1129 2237 1240 2303 Fasto-

87 2358 159 2404 rum
180 2337 422 2421 triumphalium
445 2337 507 2403 duo
530 2337 717 2421 fragmenta,
739 2336 926 2420 inquorum
948 2324 1051 2403 altero
1073 2340 1241 2423 proconsul

88 2439 220 2524 dicitur,
254 2439 341 2504 idem
369 2437 566 2520 testantur.⁵)
616 2435 715 2502 IIIvir
740 2456 771 2501 a.
796 2441 857 2501 560
886 2439 1044 2505 coloniam
1074 2439 1270 2525 Sipontum·

86 2540 265 2620 deduxiti)

86 2647 161 2708 558.
186 2641 223 2721 Q.
246 2640 402 2708 Minucius
425 2641 582 2705 Thermus

185 2743 223 2823 Q.
245 2744 366 2810 Fabius
386 2741 489 2808 Buteo

242 2846 311 2913 Liv.
335 2849 385 2927 33,
409 2849 459 2910 26.
482 2851 645 2930 praetores
668 2841 784 2908 deinde
805 2840 986 2926 provincias
1007 2842 1112 2908 sortiti
1134 2878 1175 2888 —
1201 2880 1238 2890 -

240 2946 277 3026 Q.
299 2947 421 3013 Fabius
448 2949 551 3013 Buteo
576 2942 765 3029 Hispaniam
793 2942 993 3023 ulteriorem,
1023 2941 1059 3021 Q.
1083 2944 1240 3012 Minucius

241 3050 399 3115 Thermus
422 3047 611 3113 citeriorem.
656 3044 693 3111 oi.
716 3046 797 3128 App.
821 3044 869 3132 lb.
892 3045 942 3108 39.

171 3150 361 3235 Imprudens
382 3149 509 3216 videtur
531 3147 640 3213 Lirius
663 3146 829 3231 scripsisse
850 3145 892 3210 M.
905 3144 1054 3211 Helvium
1079 3143 1116 3223 Q.
1138 3143 1239 3213 Minu·

82 3253 136 3320 cio
159 3251 337 3320 successori
358 3250 555 3334 provinciam
578 3246 748 3315 tradidisse
758 3247 794 3332 Ἰ),
816 3248 913 3314 immo
936 3246 972 3324 Q.
995 3244 1116 3313 Fabius
1137 3248 1239 3316 Buteo

82 3355 117 3420 ei
140 3353 308 3436 successit,
331 3351 406 3426 huic
427 3352 488 3436 Ap.
512 3349 680 3433 Claudius,
706 3350 762 3432 qui
783 3349 899 3415 Helvio
922 3347 1117 3432 praesidium
1140 3346 1237 3416 dedit.

10 3490 13 3499 ‡
80 3455 123 3534 Q.
146 3455 303 3521 Minucius
325 3455 420 3520 rebus
441 3470 593 3538 prospere
615 3451 714 3535 gestis
735 3451 831 3534 paulo
854 3456 927 3534 post
949 3448 989 3513 M.
1012 3447 1162 3514 Helvium
1186 3451 1237 3516 tri-

40 3634 44 3645 ,
80 3556 293 3642 umpharit.⁸)
331 3555 451 3623 Consul
474 3574 502 3620 a.
519 3559 576 3619 561
603 3554 636 3619 in
658 3552 789 3636 'Liguria
811 3552 931 3617 bellurn
946 3549 1091 3636 gessia),
1113 3551 1238 3635 legatus

79 3659 118 3724 in
141 3657 251 3723 Asiam
274 3656 443 3741 missura)
464 3678 493 3722 a.
518 3658 578 3720 566
601 3675 621 3719 a
643 3653 822 3719 Thracibus
842 3651 1026 3718 interiectus
1048 3651 1154 3734 cst.¹¹)
1187 3652 1238 3720 De

81 3759 229 3826 Buteone
250 3761 348 3844 plane
370 3760 490 3826 siletur.

643 2694 755 2775 praett.

175 3909 275 3975 onia
295 3915 336 3977 33,
355 3915 396 3963 nr.
472 3909 498 3973 a)
517 3911 558 3972 33,
577 3912 617 3975 33.
688 3907 714 3970 3)
733 3908 774 3969 33,
794 3908 835 3956 33.
905 3907 931 3963 4)
952 3906 993 3969 34,
1014 3907 1063 3955 ror
1122 3906 1149 3969 3)
1168 3904 1197 3959 c.
1216 3905 1237 3959 1.

80 3995 115 4048 1..
133 3994 157 4061 1,
174 4011 203 4063 p.
219 4000 271 4050 433
290 3997 318 4049 et
334 4010 361 4063 p.
381 3996 439 4046 433.
515 3991 739 4057 optineam.
817 3988 842 4052 r)
861 3990 901 4054 34,
922 3990 962 4039 1o,
1033 3989 1059 4051 3)
1077 3987 1095 4042 1.
1113 3987 1132 4041 1.
1151 3987 1186 4042 cf.
1207 3991 1237 4044 c.

78 4080 104 4133 1.
124 4078 158 4132 1..
176 4079 197 4146 1,
215 4096 243 4148 p.
262 4084 321 4134 433.
391 4081 418 4142 3)
436 4076 494 4132 niv.
508 4080 549 4141 34,
568 4080 609 4128 34.
630 4078 775 4142 aaarqq.
848 4074 890 4135 ro)
907 4074 948 4136 ar,
962 4074 1003 4124 33.
1076 4075 1117 4138 11)
1135 4077 1176 4142 aa,
1195 4081 1237 4135 41.

134 4173 254 4225 Leipzigor
267 4172 367 4216 Studien.
393 4171 411 4212 L
1017 4158 1033 4209 b
