2996 4784
424 322 489 379 fasti
506 321 700 392 Hispaniarum
717 322 924 391 provinciarum.
1212 321 1253 382 79

97 495 209 563 Silano
239 492 358 561 tradito
369 495 393 577 ¹)
415 495 549 561 Romam
570 513 719 562 reversus
742 495 852 560 consul
877 495 912 561 in
933 496 1114 581 proximum
1135 515 1253 565 annum

96 599 203 663 tactus
224 598 314 679 5519)
357 594 569 680 Triumphare
592 595 733 682 Scipioni
753 617 817 663 non
839 595 938 680 licuit,
965 598 1041 680 quia
1062 598 1131 665 sine
1153 599 1253 685 magi-

98 704 202 765 stratu
224 716 275 763 res
297 696 482 778 gesseram)
526 696 671 764 Silanum
693 696 809 765 eodem
829 697 899 765 iure
921 698 1098 782 eodemque
1119 700 1253 787 imperio

98 821 172 868 cum
194 799 344 884 Scipione
366 799 465 867 fuisse
486 799 571 865 hunc
591 800 696 885 ipsum
716 799 828 866 Livius
843 800 1019 868 modestius
1033 821 1129 884 quam
1144 803 1253 870 verius

98 902 178 968 facit
199 900 442 986 profiteamur)
475 902 590 986 Legati
606 900 764 985 Scipionis
789 906 878 968 erant
899 904 1039 987 Laelius,
1062 922 1158 986 quem
1178 912 1254 990 post

99 1003 327 1087 Carthaginem
349 1008 476 1087 captam
498 1023 570 1069 eum
592 1001 728 1087 captivis
750 1002 886 1078 Romam
913 1004 1000 1072 misit
1009 1005 1051 1091 ⁵),
1080 1012 1113 1072 et
1137 1006 1254 1080 Lucius

97 1108 206 1188 trater,
229 1105 284 1187 qui
307 1104 357 1172 bis
378 1106 514 1172 Romam
536 1104 652 1171 missus
675 1124 746 1172 esse
769 1103 931 1190 diciturss),
955 1111 989 1174 et
1009 1109 1046 1175 L.
1068 1107 1254 1193 1115151551),

98 1215 252 1293 quaestor
273 1203 548 1289 O.'I⁴‘laminius.⁸)
656 1238 661 1243 ⁴

99 1313 293 1375 549-553.
321 1309 357 1374 L.
382 1307 547 1376 Cornelius
569 1309 724 1376 Lentulus

99 1415 293 1478 549-554.
322 1412 358 1477 L.
380 1411 518 1476 Manlius
540 1409 695 1476 Acidinus

254 1512 323 1579 Liv.
353 1516 411 1593 28,
441 1498 491 1577 38.
542 1510 692 1578 Haecin
719 1511 878 1597 Hispania
905 1513 940 1577 Ρ.
967 1512 1126 1597 Scipionis
1156 1507 1253 1582 ductu

254 1614 461 1699 auspicioque
482 1621 583 1698 gesta.
624 1613 694 1698 ipse
714 1614 751 1679 L.
768 1613 904 1680 Lentulo
926 1620 959 1679 et
979 1615 1015 1680 L.
1037 1616 1158 1682 Manlio
1178 1617 1252 1683 Aei-

254 1715 329 1784 dino
357 1715 523 1800 provincia
552 1714 671 1781 tradita
699 1713 810 1781 decern
832 1716 969 1782 navibus
990 1716 1126 1784 Romam
1148 1718 1253 1786 rediit

253 1817 291 1884 cf.
314 1819 397 1903 App.
420 1817 467 1884 lb.
491 1820 541 1883 38.

184 1923 222 1987 In
245 1919 356 1986 codice
377 1925 453 1986 ante
471 1919 639 2002 prouincia
659 1917 812 2002 seriptum
834 1924 883 1985 est
898 1938 970 2001 pro,
995 1919 1082 2001 quod
1103 1927 1159 1987 aut
1181 1942 1253 1989 cum

98 2022 263 2108 Madvigie
285 2020 410 2088 delebis
432 2027 487 2087 aut
508 2020 542 2085 in
551 2019 803 2104 proconsulibus,
824 2038 888 2085 nen
900 2020 1164 2103 propraetoribus
1185 2044 1251 2088 mu-

101 2124 232 2193 tandum
255 2142 327 2191 esse
348 2144 390 2190 ex
404 2122 454 2208 iis,
477 2141 560 2205 quae
575 2120 616 2188 de
631 2121 860 2207 Hispaniarum
873 2119 1057 2206 praesidum
1071 2122 1206 2208 imperio
1219 2125 1253 2189 in

97 2226 298 2313 praefatione
321 2223 470 2303 diximus,
493 2241 675 2306 cognosces.
709 2223 801 2289 Alter
821 2223 1040 2290 tantummodo
1058 2224 1099 2289 L.
1114 2224 1252 2293 Manlius

98 2328 253 2397 Acidinus
267 2332 395 2412 praetor
409 2325 513 2393 fuerat
530 2346 559 2392 a.
577 2324 681 2409 5439)
711 2324 847 2392 Lentulo
862 2326 903 2392 ob
920 2346 990 2393 eam
1006 2345 1144 2410 causam,
1166 2326 1253 2410 quod

97 2429 239 2499 nondum
255 2429 460 2513 magIstratus
474 2427 587 2510 fuerat,
603 2426 781 2511 triumphus
796 2446 859 2492 non
874 2434 923 2494 est
937 2447 1121 2495 concessus:
1135 2427 1252 2495 aedilis
1289 2416 1299 2427 ⁶

98 2533 185 2601 enim
213 2532 389 2598 1115550
417 2534 543 2596 creatus
572 2527 678 2612 est.¹⁰)
723 2528 858 2609 Utrique
884 2527 1053 2613 imperium
1082 2529 1252 2613 plebiscito

99 2627 209 2702 datum
238 2652 310 2699 esse
338 2630 440 2698 conici
469 2629 644 2715 potestss),
673 2630 756 2697 sicut
783 2635 998 2714 prorogatum.
1015 2637 1064 2698 551
1084 2631 1252 2715 imperium

22 2764 26 2770 ·
99 2757 128 2803 a.
151 2741 214 2802 551)
244 2733 428 2819 plebiscito,
457 2753 486 2800 a.
510 2732 638 2799 demum
667 2736 726 2799 551
747 2737 800 2799 et·
816 2735 877 2798 552
900 2738 1031 2817 senatus
1052 2732 1253 2818 5555511511)

96 2840 191 2911 Anne
214 2836 353 2918 denique
376 2838 437 2900 553
460 2842 590 2901 senatus
612 2853 670 2919 per
691 2833 833 2899 tribunos
854 2832 944 2918 plebi
967 2833 1141 2918 permisit,¹
1157 2839 1192 2899 ut
1213 2835 1252 2902 iis

98 2932 300 3007 successores
321 2933 518 3020 5111151519)
560 2934 771 3007 Plebiscitum
791 2935 913 3019 ipsum,
940 2954 1004 3017 que
1026 2936 1060 3002 L.
1084 2935 1252 3003 Cornelius

99 3042 254 3110 Lentulus
275 3044 445 3107 revocatus
466 3043 525 3122 est,
547 3056 611 3103 non
633 3040 682 3103 cst
703 3034 865 3119 maditum,
888 3036 946 3104 sed
967 3034 1102 3104 rediisse
1124 3058 1197 3105 eum
1218 3043 1252 3105 et

97 3145 216 3212 frustra
245 3139 441 3225 triumphum
468 3139 617 3226 petiisse,
646 3145 797 3206 ovantem
818 3145 925 3205 autem
946 3144 1076 3206 senatus
1098 3140 1252 3223 consulto,

98 3254 133 3314 ut
154 3243 299 3326 traditur,
322 3262 357 3309 re
379 3261 458 3310 vera
478 3239 649 3326 plebiscito
663 3239 713 3324 ¹4),
739 3241 851 3306 urbem
871 3240 1050 3324 ingressum
1072 3261 1143 3308 esse
1165 3240 1253 3327 apud

781 1380 921 1446 procoss.
945 1381 986 1427 ex
1008 1360 1197 1446 plebiscito..

99 3399 303 3410 ......----—

186 3485 212 3546 1)
228 3478 288 3532 Lis.
305 3482 346 3541 28,
366 3481 407 3532 38.
440 3477 498 3530 Pol.
520 3481 559 3542 11,
578 3478 619 3541 33,
638 3480 663 3530 8.
733 3477 760 3540 2)
779 3474 819 3529 01.
837 3475 944 3530 Becker
961 3475 978 3530 1.
994 3476 1012 3530 1.
1024 3492 1050 3545 p.
1062 3480 1118 3530 143.
1137 3474 1251 3531 Memm-

99 3580 181 3620 senus
203 3564 233 3618 in
257 3562 309 3617 hac
332 3564 410 3617 tanta
431 3572 522 3616 rerum
543 3559 623 3629 copia
639 3575 695 3615 non
712 3559 826 3616 offendit
842 3558 885 3626 (R.
904 3559 1063 3626 51551).
1148 3564 1175 3627 3)
1191 3559 1250 3615 Lir.

100 3653 141 3717 55,
159 3653 201 3704 55.
226 3647 332 3704 51551.
350 3645 423 3700 Max.
442 3651 467 3713 5,
485 3651 509 3710 5,
530 3651 551 3699 1.
570 3651 594 3700 5.
668 3650 695 3712 1)
713 3649 756 3710 55,
774 3649 807 3699 55
825 3650 894 3699 extr.
919 3644 954 3699 51.
972 3648 1014 3712 55,
1035 3649 1073 3698 15.
1148 3648 1175 3709 5)
1192 3644 1258 3701 1³01:

104 3740 145 3800 15,
165 3738 212 3799 15,
231 3737 255 3787 5.
290 3731 348 3786 155.
366 3735 411 3798 55,
429 3735 471 3784 45.
489 3735 532 3787 aa.
556 3734 598 3797 51,
616 3734 641 3785 r.
675 3730 748 3799 App.
767 3728 806 3784 lb.
825 3732 866 3783 55.
943 3728 1045 3797 5115.
1063 3733 1105 3795 55,
1124 3734 1190 3785 51.
1212 3735 1250 3784 11.

99 3818 169 3888 App.
186 3817 227 3872 lb.
239 3819 280 3870 29.
350 3819 376 3881 1)
392 3815 451 3869 Lis.
470 3819 511 3881 26,
532 3819 572 3870 19.
590 3819 632 3882 28,
654 3819 692 3870 19.
762 3816 788 3880 8)
806 3817 847 3880 96,
865 3818 906 3868 47.
924 3817 966 3868 49.
986 3812 1096 3868 51.Ροὶ.
1117 3818 1156 3880 tu,
1177 3817 1216 3881 19,
1237 3820 1248 3868 1

100 3905 236 3970 (rupious).
311 3904 338 3965 9)
360 3899 419 3955 Isiu.
438 3904 479 3965 26,
498 3904 539 3955 23.
563 3904 605 3968 27,
623 3905 647 3957 4.
728 3896 1251 3965 15)55,11.·11)51.Μ55151555,

101 3985 214 4042 suutsr.
232 3986 268 4050 11,
289 3985 323 4051 14,
341 4001 367 4055 p.
380 3989 439 4052 555,
457 4001 483 4039 n.
493 3989 516 4040 5.
589 3989 631 4053 15)
648 3989 691 4051 55,
713 3989 751 4039 15.
770 3988 854 4052 551.
874 3987 915 4051 55,
934 3987 975 4050 51,
994 3987 1019 4037 5.
1091 3985 1133 4049 15)
1150 3987 1191 4050 55,
1210 3988 1251 4037 11.

105 4076 142 4133 14)
160 4072 200 4126 Cf.
217 4070 311 4138 Lange
328 4070 360 4123 R.
378 4070 482 4138 n.11²‚
501 4074 559 4125 5911.
