2996 4784
666 270 804 325 Detlevius
823 269 956 324 Wilsdorf

394 445 472 510 toris
493 448 586 527 pater
608 464 648 510 ex
670 449 821 528 praetura
835 440 1040 524 Hispaniensi
1055 446 1222 505 accusatus
1237 457 1257 502 a
1273 436 1397 521 Gallio,

219 614 222 623 ,
395 567 453 630 pro
477 565 539 627 quo
561 551 674 629 postea
696 543 806 616 Cicero
823 544 912 626 dixit,
936 550 1031 626 atque
1051 541 1223 606 damnatus
1247 545 1304 605 est.

328 646 524 728 1101111111
546 644 691 711 tribunus
712 646 818 730 plebis
840 644 1037 728 rogationem
1060 643 1101 709 de
1124 641 1160 720 Q.
1177 641 1306 708 Metello
1326 642 1396 707 Nu-

241 749 359 817 midico
388 746 568 816 revocando
599 748 713 813 tulerat
725 746 767 831 1),
792 762 895 828 “quare
920 767 992 812 cum
1014 750 1194 829 praeturam
1217 749 1342 827 peteret
1363 765 1397 809 a.

244 857 321 935 674,
350 850 497 916 Metellus
518 849 595 914 Pius
625 850 733 915 consul
762 869 820 933 pro
844 868 881 914 eo
905 849 1023 933 populo
1045 846 1189 912 Romano
1212 845 1398 930 supplicare

242 934 306 1019 non
334 951 494 1016 dubitavit
521 956 553 1017 et
573 951 607 1016 in
629 950 746 1016 iudicio
770 949 886 1016 Calidii
910 954 983 1034 post
1006 946 1314 1014 administrationem
1338 946 1396 1010 Hi-

242 1053 444 1138 spaniensem
466 1052 607 1118 accusati
629 1049 882 1136 supplicavisset,
905 1055 938 1115 ut
960 1050 1005 1115 ait
1027 1050 1138 1115 Cicero
1149 1047 1190 1132 ²),
1222 1049 1250 1113 si
1271 1049 1399 1114 Romae

1485 2520 1486 2549 l

1485 2600 1486 2641 1

1485 2648 1486 2703 1

244 1173 315 1221 esse
337 1153 502 1237 potuisset.
545 1154 658 1237 Itaque
681 1152 757 1234 quin
779 1158 836 1217 aut
857 1171 919 1233 quo
949 1172 1031 1217 anno
1055 1151 1087 1215 in
1110 1149 1267 1235 Hispania
1289 1151 1398 1234 fuerit,

246 1254 377 1320 dubium
406 1274 477 1320 esse
506 1274 569 1320 non
590 1261 705 1339 potest.
751 1254 897 1320 Citeriori
922 1253 1107 1338 provinciae
1130 1273 1202 1319 eum
1224 1251 1397 1337 adscripsi-

245 1375 326 1439 mus,
349 1356 424 1436 quia
446 1356 595 1421 Metellus
616 1356 805 1439 plerumque
827 1356 859 1420 in
882 1355 1032 1421 ulteriore
1054 1354 1217 1439 pugnavit.

247 1460 436 1523 677-682.
465 1457 521 1523 On.
543 1458 715 1542 Pompeius
745 1457 879 1539 Magnus
908 1476 1030 1541 procos.
1059 1475 1099 1520 ex
1121 1456 1400 1550 senatusconsulto

397 1557 464 1640 (cit.
486 1557 541 1641 H.)
970 1623 974 1630 .

399 1660 468 1726 Liv.
485 1681 533 1745 ep.
551 1664 600 1726 91.
625 1660 680 1726 Cn.
697 1658 870 1742 Pompeius
893 1678 963 1723 eum
986 1657 1091 1723 adhuc
1113 1677 1212 1740 eques
1234 1659 1401 1725 Romanus

400 1767 494 1844 esset,
510 1780 580 1825 eum
596 1761 730 1844 imperio
746 1759 905 1825 consulari
922 1758 1076 1825 adversus
1092 1759 1267 1826 Sertorium
1282 1761 1401 1826 missus

400 1868 457 1927 est.
503 1862 540 1927 cf.
563 1864 645 1947 App.
671 1862 700 1927 b.
724 1881 750 1926 c.
777 1867 808 1941 1,
834 1865 903 1926 168.
947 1861 993 1927 lb.
1022 1866 1090 1927 101.
1134 1861 1400 1927 Plut.'Sert.18.

400 1963 510 2047 Pomp.
538 1966 584 2028 17.
619 1969 700 2029 auct.
724 1961 754 2027 d.
778 1962 835 2028 vir.
860 1961 905 2028 ill.
930 1968 979 2027 77.
1017 1961 1106 2029 Oros.
1131 1969 1159 2045 5,
1183 1965 1233 2027 23.
1271 1962 1350 2028 Sall.
1368 1962 1400 2028 h.

399 2063 436 2129 lr.
460 2067 488 2146 1,
512 2067 563 2130 oo.
1107 2054 1109 2059 ’

403 2164 465 2230 Oic.
489 2162 529 2230 de
551 2165 625 2249 imp.
651 2164 705 2230 On.
729 2165 838 2248 Pomp.
863 2168 913 2247 21,
937 2168 986 2230 62.
1010 2163 1093 2243 Quid
1114 2171 1180 2230 tam
1202 2164 1400 2248 inusitatum,

403 2286 498 2349 quam
527 2272 577 2345 ut,
608 2286 679 2331 oum
705 2264 768 2332 duo
798 2267 941 2332 consules
975 2266 1143 2331 clarissimi
1170 2266 1400 2349 fortissimique

404 2373 517 2449 essent,
540 2385 639 2449 eques
662 2366 823 2432 Romanus
845 2367 887 2432 ad
909 2367 1028 2433 bellum
1051 2368 1225 2433 maximum
1248 2368 1399 2435 formidu-

402 2467 659 2550 losissimumque
674 2488 733 2553 pro
750 2469 879 2534 consule
894 2469 1092 2534 mitteretur?
1116 2469 1232 2536 Missus
1248 2476 1305 2537 est.
1329 2469 1400 2548 Quo

404 2568 533 2651 quidem
556 2576 708 2655 tempore,
732 2591 803 2636 oum
825 2577 910 2636 esset
924 2590 988 2635 non
1004 2590 1107 2653 nemo,
1131 2570 1185 2652 qni
1202 2570 1323 2638 diceret
1338 2592 1399 2638 non

403 2675 550 2755 oportere
573 2671 656 2736 mitti
677 2670 837 2736 hominem
859 2671 1018 2752 privatum
1036 2692 1094 2755 pro
1113 2674 1251 2756 consule,
1274 2674 1308 2739 L.
1325 2673 1398 2738 Phi·
1485 2706 1486 2727 2

403 2773 508 2856 lippus
538 2770 657 2838 dixisse
686 2771 800 2837 dicitur
825 2793 889 2837 non
911 2793 946 2839 se
968 2771 1058 2839 illum
1080 2792 1140 2847 sua
1161 2774 1321 2840 sententia
1342 2795 1400 2859 pro

405 2872 544 2953 consule,
567 2872 625 2939 sed
646 2891 703 2957 pro
725 2875 909 2940 oonsulibus
923 2873 1057 2941 mittere.
1081 2877 1119 2940 11.
1135 2875 1217 2939 Phil.
1237 2881 1286 2956 11,
1302 2879 1332 2958 8,
1351 2879 1401 2941 18.
1485 2870 1486 2915 l

335 2974 451 3042 Missus
474 2980 522 3040 est
543 2975 715 3060 Pompeius
738 2996 765 3040 a.
790 2980 862 3059 677,
885 2975 944 3042 sed
967 2996 1036 3041 cum
1060 2982 1092 3041 et
1114 2975 1186 3042 aliis
1209 2978 1303 3042 rebus
1327 2984 1359 3043 et
1382 2999 1403 3044 a

251 3076 353 3144 Gallis
375 3074 555 3141 retardatus
577 3082 663 3142 esset
671 3074 713 3158 3),
736 3076 791 3140 vix
814 3084 889 3143 ante
911 3077 1033 3144 exitum
1058 3077 1133 3142 anni
1154 3078 1188 3142 in
1211 3078 1401 3162 Hispaniam
1484 3118 1486 3191 4

250 3176 436 3261 pervenitl)
466 3177 515 3240 De
537 3176 633 3241 rebus
655 3195 756 3259 usqne
778 3176 821 3241 ad
843 3197 960 3243 annum
981 3181 1041 3243 679
1065 3197 1084 3241 a
1105 3198 1141 3245 se
1163 3179 1262 3262 gestis
1284 3181 1400 3263 glorio·
1485 3198 1486 3255 ζ

251 3278 318 3345 sius
347 3277 389 3344 ad
418 3283 563 3343 senatum
592 3275 734 3360 scripsit,
763 3277 877 3362 quibus
906 3279 1020 3347 litteris
1048 3280 1202 3346 auxilium
1230 3281 1402 3365 petebat.⁵)
1485 3346 1486 3367 3

251 3380 378 3447 Petenti
401 3386 435 3444 ut
457 3383 586 3444 senatus
609 3377 815 3464 satisfaceret,
837 3381 989 3448 Lucullus
1011 3401 1073 3448 eos.
1094 3386 1154 3447 680
1169 3382 1315 3467 inprimis
1331 3404 1401 3468 per·
1485 3378 1486 3403 ³

251 3482 336 3565 fecit,
359 3500 430 3545 eum
452 3483 620 3561 metueret,
643 3499 684 3545 ne
705 3480 891 3567 Pompeius,
913 3483 947 3548 id
970 3483 1056 3565 qnod
1078 3484 1239 3550 minitatus
1262 3489 1347 3567 erat,
1369 3485 1400 3549 in
1485 3556 1486 3559 Ἴ

251 3582 379 3648 Italiam
402 3578 577 3645 exercitum
599 3580 764 3649 reduceret
784 3582 910 3664 sibique
927 3583 1094 3667 imperium
1109 3585 1263 3652 adversus
1278 3585 1400 3651 Mithri·

330 3832 364 3896 Ι1)
383 3827 422 3882 cf.
432 3845 458 3897 p.
471 3833 517 3882 119
536 3829 596 3884 adn.
610 3837 630 3885 l.
702 3837 727 3900 2)
744 3833 835 3887 Plano.
847 3835 888 3896 29,
902 3837 941 3887 711.
1011 3839 1036 3900 3)
1055 3835 1109 3890 (lie.
1123 3836 1156 3890 de
1172 3837 1234 3905 imp
1246 3836 1294 3891 On.
1306 3836 1400 3907 Pomp.

251 3912 694 4053 11]1,ΐ;10.2ἓὲ11.11.11.2,96,6.
764 3922 790 3982 4)
809 3916 1009 3974 01Μο1111111111
1026 3920 1162 3986 mani,
1181 3924 1220 3975 29.
1292 3925 1318 3986 5)
1337 3920 1399 3974 Sall.
1485 3926 1486 3929 ’

273 4040 278 4053 .
324 4038 329 4049 .
366 4036 373 4063 ,
426 4038 432 4051 .
