2996 4784
242 289 283 351 92
518 240 521 247 =
672 290 811 345 Detlerius
828 289 963 346 Wilsdorf

243 462 351 548 (aso),
381 466 415 530 n.
442 463 598 529 seminus
625 462 745 527 Paulus
775 436 1000 546 (soass-sor),
1028 464 1062 528 o.
1093 464 1253 547 superus
1282 464 1405 543 carus*

243 570 370 652 praetor
392 566 466 631 anni
490 570 561 630 584.
605 564 643 628 Id
664 570 789 630 tantum
812 570 1014 630 accusatores
1034 567 1244 649 perfecerunt,
1268 587 1308 632 ne
1330 568 1397 633 fru²

145 669 151 680 ‘
242 669 341 734 menti
355 667 611 734 aestimationem
626 659 831 749 magistratus
845 666 1008 731 Romanus
1022 666 1156 732 baberet
1170 687 1253 734 neve
1268 675 1400 751 cogeret

242 770 412 835 vicesimas
440 768 579 834 vendere
606 766 783 854 Hispanos,
813 767 923 848 quanti
949 767 1019 851 ipse
1047 768 1160 850 vellet,
1191 768 1331 850 denique
1353 791 1397 837 ne

242 871 396 955 praetecti
418 867 460 935 ad
482 870 635 954 pecunias
657 869 817 953 cogendas
838 869 871 933 in
895 868 1020 953 oppidis
1043 869 1281 936 collocarentur.
1322 872 1396 951 Quo

241 972 410 1055 privilegio
441 977 559 1052 quanto
581 971 758 1054 Hispaniae
785 989 853 1035 sors
883 988 978 1050 quam
1000 970 1194 1053 reliquarum
1216 973 1397 1054 provincia·
1487 962 1488 965 ¹

241 1093 311 1138 rum
334 1079 431 1154 atque
450 1071 599 1157 inprimis
622 1071 752 1137 Siciliae
773 1071 986 1155 praestantior
1006 1071 1133 1138 reddita
1154 1073 1204 1155 sit,
1227 1094 1292 1139 non
1313 1095 1397 1158 opus

241 1181 291 1240 est
318 1174 462 1256 pluribus
491 1173 717 1240 demonstrare.
725 1172 748 1252 1)
793 1171 916 1237 Eodem
945 1194 1027 1238 anno
1054 1175 1157 1240 altera
1178 1170 1398 1267 Hispanorum

241 1276 360 1359 legatio
382 1277 517 1341 Romam
546 1275 650 1358 venit,
679 1274 729 1341 eui
759 1278 888 1341 senatus
918 1277 1087 1358 concessit,
1117 1283 1151 1341 ut
1177 1297 1217 1342 ex
1239 1279 1397 1344 Romanis

240 1376 395 1441 militibus
416 1377 632 1462 HIspanisque
654 1375 839 1441 mulieribus
860 1376 929 1441 nati
946 1376 1106 1443 Carteiam
1128 1379 1285 1444 coloniam
1307 1380 1397 1445 Lati-

241 1498 314 1543 nam
331 1478 562 1545 deducerentur
569 1477 604 1561 ²),
627 1497 723 1559 quam
743 1478 906 1543 civitatem
921 1477 1017 1543 simili
1032 1479 1217 1545 condicione
1233 1479 1397 1547 conditam

242 1599 313 1646 esse
335 1586 432 1662 atque
453 1581 600 1647 Italicam
623 1579 771 1663 exposuit
792 1580 1044 1660 Mommsenus.³)
1220 1644 1229 1648 -

326 1683 417 1761 Quae
431 1682 542 1746 Livius
565 1681 606 1745 de
624 1680 761 1745 eomitiIs
779 1684 811 1744 et
826 1681 990 1746 sortitIone
1005 1683 1239 1762 provinciarum
1254 1683 1396 1767 proximi

242 1784 317 1848 anni
339 1790 535 1864 narraverat,
558 1801 676 1864 magna
696 1782 770 1847 libri
788 1781 896 1846 XLIII
916 1788 989 1865 post
1011 1792 1107 1867 caput
1129 1786 1256 1851 tertium
1277 1787 1395 1851 lacuna

142 1958 146 1964 ,
240 1883 479 1950 interciderunt.
516 1882 606 1961 Quae
632 1885 775 1964 sequitur
797 1884 938 1949 narratio
961 1885 1074 1950 mutila
1095 1886 1136 1951 de
1158 1887 1294 1952 tumultu
1316 1906 1396 1969 quo·

242 1986 317 2052 dam
332 2008 352 2052 a
374 1991 521 2071 praetore
536 1984 658 2065 sedato,
682 1984 794 2068 adea,
818 2005 901 2067 quae
915 1988 1026 2071 paucis
1041 1986 1149 2053 uerbis
1165 1987 1206 2053 de
1222 1986 1347 2079 Olonioi
1361 1989 1395 2054 in
1488 2033 1489 2038 κ

241 2088 398 2172 Hispania
421 2090 558 2155 tumultu
581 2085 671 2152 ducis
693 2094 794 2153 morte
815 2085 904 2153 finito
921 2088 955 2153 in
973 2089 1112 2172 epitome
1126 2089 1201 2155 libri
1216 2099 1393 2174 narrantur,

240 2188 399 2274 pertinere
422 2190 561 2255 maxime
583 2188 752 2273 probabile
775 2193 831 2253 est.
862 2189 925 2253 Res
943 2194 1048 2256 autern
1064 2192 1098 2256 in
1113 2190 1270 2275 Hispania
1284 2198 1394 2274 gestas

241 2311 313 2359 cum
326 2289 446 2361 ,Livius
473 2310 537 2356 non
565 2294 639 2355 ante
668 2289 807 2370 reliquas
836 2309 964 2357 narrare
994 2293 1097 2358 soleat
1105 2290 1146 2374 ⁴¹),
1175 2298 1304 2377 praetor
1324 2294 1394 2377 ille,

242 2393 296 2474 qui
317 2391 487 2456 tumultum
509 2391 754 2476 HispanIensem
783 2391 924 2475 sedavit,
955 2414 1019 2459 non
1043 2395 1160 2475 aliquis
1181 2414 1306 2477 eorum,
1337 2397 1395 2476 qui

240 2494 273 2558 in
296 2514 414 2581 annum
438 2497 499 2558 584
521 2493 620 2559 creati
642 2499 741 2575 erant,
765 2492 824 2558 sed
846 2493 1016 2561 Canuleius
1041 2497 1139 2561 fuisse
1161 2496 1239 2562 mihi
1261 2497 1394 2576 quidem

241 2594 406 2677 videturfi)
451 2597 520 2662 Iam
548 2593 866 2677 circumspiciendum
888 2603 952 2676 est,
982 2615 1054 2660 num
1083 2597 1154 2676 quis
1175 2596 1223 2662 illi
1246 2617 1284 2663 eo
1307 2618 1394 2666 anno

240 2698 437 2765 successerit.
481 2688 651 2762 Praetores
674 2695 803 2775 quidem
825 2695 892 2761 noti
916 2702 989 2761 sunt
1012 2697 1046 2760 L.
1069 2697 1271 2781 Hortensius,
1295 2718 1394 2780 quern

241 2800 352 2867 Liuius
381 2797 495 2865 eodem
525 2796 629 2880 capite
650 2800 892 2880 commemorat,
922 2797 963 2862 M.
987 2797 1123 2864 Raecius
1148 2807 1276 2884 praetor
1297 2800 1393 2866 urba-

239 2901 352 2985 nust),
376 2902 414 2980 Q.
436 2898 580 2965 Maenius
603 2897 784 2978 Torquatus
806 2899 991 2984 peregrinus
1004 2898 1044 2983 7),
1069 2902 1205 2967 fortasse
1226 2908 1394 2985 praetores
1414 2957 1419 2962 .

240 3006 368 3070 fuerunt
390 3002 486 3067 etiam
508 3001 545 3079 Q.
568 2999 679 3066 Aelius
702 3000 821 3067 Paetus
843 3021 906 3066 oos.
927 3004 987 3066 587
1000 3005 1024 3078 8)
1046 3007 1079 3067 et
1101 3002 1137 3067 T.
1153 3003 1291 3069 Manlius
1313 3005 1393 3070 Tor-

241 3111 358 3186 quatus
379 3102 524 3185 pontifex
536 3099 562 3185 9)
586 3107 618 3166 et
640 3101 845 3167 aliosalios
867 3102 1011 3168 Tubulus
1033 3103 1159 3183 legatus
1182 3104 1310 3189 58710);
1333 3106 1393 3172 sed
1489 3114 1490 3149 ³

240 3205 424 3292 provinciae
447 3224 557 3270 eorum
577 3204 720 3269 incertae
742 3209 824 3268 sunt.
854 3202 971 3268 Verum
993 3208 1101 3271 tamen
1123 3226 1194 3271 eum
1217 3207 1303 3275 bello
1325 3209 1393 3274 Ma·
1489 3226 1490 3247 ¹

241 3306 394 3374 codonieo
417 3305 631 3391 compluribus
655 3304 787 3370 ducibus
803 3324 882 3389 opus
897 3313 992 3388 esset,
1014 3307 1108 3374 facile
1122 3310 1263 3392 praetori
1277 3309 1396 3395 prioris
1489 3372 1490 3397 ,

240 3408 316 3473 anni
343 3407 377 3472 in
399 3397 556 3493 Hispania
583 3404 752 3489 imperium
779 3413 983 3490 prorogatum
1014 3415 1077 3491 est,
1106 3429 1177 3475 cum
1203 3413 1394 3496 praesertim
1489 3402 1490 3435 ³

329 3614 353 3676 1)
371 3608 411 3664 cf.
431 3606 489 3660 Cat.
509 3620 548 3660 or.
568 3610 609 3658 31.
637 3605 959 3673 cravemaoouaao,
975 3611 1013 3661 12.
1073 3612 1099 3674 2)
1116 3608 1174 3664 Liv.
1185 3614 1227 3677 43,
1237 3614 1261 3663 3.
1314 3615 1340 3678 3)
1357 3612 1394 3667 R.

240 3694 272 3749 G.
291 3694 333 3758 11,
357 3699 382 3746 t.
418 3692 452 3746 ot.
471 3690 529 3744 Liv.
548 3693 594 3755 28,
619 3696 660 3746 30.
747 3696 772 3747 4)
801 3690 841 3745 of.
860 3690 944 3759 praef.
966 3708 993 3759 p.
1013 3697 1052 3745 73.
1139 3700 1164 3760 5)
1191 3694 1269 3762 Quod
1290 3695 1392 3752 Florus

240 3784 275 3844 tt,
298 3783 335 3843 ll,
357 3781 387 3830 13
400 3785 467 3845 sqq.t
485 3775 646 3843 persImilem
665 3776 847 3831 narrationem
865 3775 898 3828 de
910 3775 1041 3844 Olyndico
1059 3777 1143 3831 multo
1160 3780 1311 3847 posteriore
1323 3786 1393 3837 tem·

239 3877 305 3931 pore
328 3859 409 3916 affert
432 3862 461 3913 et
481 3849 601 3914 'consulis
626 3864 717 3915 castra
740 3860 818 3925 dicit,
842 3858 877 3913 ad
894 3859 927 3910 A.
946 3860 1057 3913 Atilium
1083 3862 1228 3917 Serranum
1252 3868 1392 3922 consulem

239 3946 304 4001 anni
323 3950 373 4000 584
391 3945 515 4009 referres,
533 3945 585 4000 nisi
603 3944 695 3999 Livius
714 3949 766 4010 (43,
780 3948 807 4007 t)
825 3943 924 3998 diserte
941 3934 1093 4012 praetorem
1111 3947 1220 4002 diceret.
1288 3955 1315 4016 6)
1332 3951 1391 4007 Liv.

241 4035 325 4095 aaa
395 4034 421 4096 r)
445 4034 574 4097 raca
645 4034 670 4095 s)
694 4033 736 4092 45,
757 4033 795 4083 rs.
866 4032 892 4092 e)
916 4033 1105 4094 43,11extr.1
1169 4037 1395 4101 terraram.
1489 4026 1490 4115 ζ
