2996 4784
693 318 832 374 Dotlevius
848 317 981 373 Wilsdorf

408 491 512 576 Exup.
537 495 565 557 8.
611 489 688 556 Sall.
713 490 785 556 hist.
807 489 844 554 fr.
872 496 897 571 l,
922 492 1048 554 55-59
1074 489 1113 556 D.
1157 489 1241 573 App.
1263 489 1311 555 lb.
1340 495 1421 555 101.

315 678 317 683 Ι
409 593 636 672 b.c.1,108.

342 695 378 774 Q.
402 693 576 774 Sertorius,
600 712 695 774 quem
715 692 840 773 aliquot
862 692 952 758 annis
975 699 1055 758 ante
1076 694 1114 757 T.
1137 691 1226 759 Didii
1248 692 1422 758 tribunum

255 796 393 863 militum
414 794 447 860 in
464 794 621 879 Hispania
642 794 739 860 fuisse
762 793 910 877 vidimus,
933 800 1046 878 postea
1062 800 1190 878 praetor
1203 794 1307 860 factus
1324 801 1420 877 crat,

257 905 361 965 utrum
384 916 413 960 a.
437 897 494 960 671
521 897 616 963 fucrit
638 917 680 961 an
700 896 806 980 prius,
832 915 895 962 non
917 894 1019 976 liquet
1033 893 1072 979 ¹):
1100 903 1245 962 neutrum
1269 896 1422 980 Appiani

258 999 378 1065 dictum
400 996 438 1062 ἐκ
462 999 588 1073 πολλοῦ
603 992 770 1083 ᾑρημένος
786 998 935 1063 excludit.
970 997 1172 1062 Provinciam
1188 996 1318 1078 quidem
1335 997 1421 1078 quin

259 1121 315 1167 suo
337 1101 406 1168 iure
428 1099 564 1184 adeptus
586 1098 718 1164 sitaiva
740 1099 870 1164 sortitus
893 1098 961 1165 sive
983 1104 1076 1163 extra
1098 1097 1251 1181 ordinem,
1278 1098 1421 1164 dubium

259 1206 407 1283 nonest,
431 1201 490 1267 sed
513 1218 575 1281 quo
598 1220 682 1265 anno
705 1201 738 1263 in
761 1200 948 1285 Rispaniam
974 1201 1174 1284 ulteriorem,
1197 1219 1280 1281 quae
1302 1200 1334 1266 ei
1356 1202 1420 1267 ob-

259 1308 407 1384 venerat,
437 1300 568 1382 abierit,
596 1301 684 1367 haud
708 1302 756 1366 ita
779 1301 839 1366 viri
861 1300 947 1367 docti
976 1303 1238 1383 enucleaverunt,
1268 1305 1304 1366 ut
1331 1302 1421 1367 nihil

258 1404 415 1485 reliquum
438 1402 480 1469 sit
502 1400 718 1470 dubitationis.
749 1404 786 1467 In
805 1403 1024 1484 quaestionem
1039 1409 1193 1469 vocantur
1206 1403 1271 1467 duo
1288 1408 1420 1468 tantum

259 1505 349 1571 anni:
386 1524 469 1570 anno
504 1504 588 1570 enim
616 1508 675 1569 671
710 1503 867 1571 Sertorius
897 1525 968 1570 cum
1002 1504 1117 1570 ceteris
1143 1503 1297 1570 Marianis
1325 1503 1421 1588 apud

260 1605 411 1674 Suessam
434 1625 501 1670 rem
522 1605 631 1688 gessit,
653 1625 736 1672 anno
760 1610 821 1670 673
845 1607 1086 1672 adversus'eum
1102 1605 1136 1671 O.
1151 1605 1274 1671 Annius
1290 1605 1421 1672 Luscus

245 1728 280 1772 a
303 1706 394 1773 Sulla
416 1706 533 1773 missus
555 1714 611 1773 est.
656 1708 774 1772 Rerum
803 1707 973 1791 scriptores
1004 1707 1211 1791 comparandi
1235 1713 1308 1772 sunt
1329 1706 1422 1773 inter

223 1836 225 1839 ’
260 1829 296 1875 se
317 1809 483 1893 Appianas
504 1806 694 1874 Plutarchus
705 1807 731 1892 2)
752 1808 1004 1892 Exuperantius,
1034 1827 1167 1889 quorum
1188 1808 1318 1873 ultimus
1341 1807 1421 1873 Ser-

260 1909 376 1975 torium
400 1929 421 1973 a
442 1909 544 1975 Mario
567 1915 600 1976 et
613 1910 760 1976 Carbone
782 1909 965 1975 consulibus
988 1945 1024 1952 —
1050 1908 1127 1974 dicit
1150 1915 1255 1974 autem
1277 1909 1421 1974 Marium

260 2031 412 2095 magnum
435 2044 474 2055 —
497 2010 531 2075 in
550 2010 739 2096 Hispaniam
762 2010 939 2077 citeriorem
962 2009 1093 2077 missum
1115 2029 1186 2075 esse
1207 2015 1325 2093 narrat,
1350 2029 1422 2091 qua

260 2113 293 2176 in
321 2132 356 2178 re
384 2111 434 2176 bis
456 2111 582 2177 erravit.
627 2110 808 2178 Secundum
830 2113 1012 2197 Appianum
1035 2110 1196 2177 Sertorius
1221 2116 1294 2196 post
1316 2109 1422 2177 Sues-

261 2234 329 2280 sam
359 2218 547 2295 occupatam
570 2233 604 2278 1.
628 2216 686 2277 671
720 2219 861 2280 actutum
889 2214 1049 2298 profectus
1078 2220 1127 2278 est
1148 2230 1252 2293 nequa
1275 2231 1316 2276 ex
1337 2212 1421 2277 Plu-

261 2313 362 2379 tarchi
391 2313 499 2380 verbis
528 2310 673 2390 ινεανίας
701 2311 842 2398 Μάριος
871 2350 913 2360 -
940 2310 1104 2379 ὑπατείαν
1141 2312 1250 2396 ’ἔλαβέ
1279 2312 1427 2396 colligas

261 2433 392 2480 necesse
415 2419 464 2479 est
485 2396 661 2498 profectum
681 2416 773 2481 illum
789 2435 861 2482 esse
874 2423 1045 2501 postquam
1060 2414 1180 2481 Marius
1195 2415 1299 2481 iunior
1313 2416 1421 2499 magi-

187 2542 190 2547 *
262 2521 395 2580 stratum
416 2514 563 2599 11111113)
598 2517 641 2582 At
663 2515 749 2583 idem
771 2517 961 2583 Plutarchus
982 2518 1127 2583 ultima-m
1150 2535 1289 2599 causam,
1313 2536 1422 2599 quare

264 2728 266 2739 ι
350 2698 762 2766 11611111111111111111111,
787 2704 833 2752 311
855 2715 894 2768 sq.
930 2699 1046 2754 Miinzw.
1064 2716 1091 2768 p.
1110 2704 1158 2754 599
1184 2716 1209 2753 n.
1230 2704 1292 2767 392;
1318 2716 1343 2768 p.
1364 2705 1422 2755 600

261 2802 288 2839 n.
308 2788 366 2838 393.
402 2783 542 2836 Drumann
559 2782 605 2847 IV,
625 2787 675 2835 352
693 2798 733 2851 sq.
759 2784 792 2837 A.
802 2784 835 2838 R.
853 2782 1009 2849 Schneider,
1029 2783 1222 2851 Quaestionum
1239 2783 1267 2836 in
1286 2783 1342 2838 Cic.
1361 2799 1420 2852 pro

261 2868 300 2922 M.
317 2867 398 2921 Font.
417 2869 486 2920 orat.
506 2881 583 2934 capp.
601 2865 647 2919 IV.
667 2866 774 2923 Grimae
795 2873 868 2923 1876.
948 2870 974 2932 2)
997 2866 1138 2922 Plutarchi
1154 2872 1242 2922 totum
1259 2869 1348 2922 locum
1368 2883 1421 2922 cx-

263 2952 381 3008 scribere
398 2966 453 3004 non
470 2951 588 3005 alienum
605 2950 723 3005 videtur:
741 2948 817 3006 Ἐπεὶ
834 2950 865 3005 δὲ
878 2948 982 3024 Μάριος
999 2947 1154 3018 ἐτελεύτησε
1170 2955 1217 3004 καὶ
1229 2956 1332 3006 Κίννας
1348 2948 1421 3026 ἄνη-

263 3037 333 3104 ρέθη
350 3033 448 3106 μικρὸν
465 3029 587 3107 ὕστερον,
606 3031 620 3089 ὁ
638 3033 668 3088 δὲ
684 3043 794 3088 νεανίας
803 3033 908 3106 Μόριας
924 3033 1037 3093 ἄκοντος
1056 3032 1138 3088 αὐτοῦ
1156 3034 1231 3107 παρὰ
1243 3037 1305 3090 τοὺς
1316 3033 1421 3104 νόμους

262 3116 397 3174 ὑπατείαν
414 3117 503 3186 ἔλαβε,
521 3118 670 3189 Κάρβωνες
687 3117 718 3171 δὲ
734 3125 780 3171 καὶ
795 3125 946 3191 Νωρβανοὶ
963 3125 1009 3171 καὶ
1021 3123 1180 3186 Σκηπίωνες
1196 3119 1304 3177 ἐπιόντι
1322 3120 1421 3190 Σύλλᾳ

262 3204 352 3256 κακῶς
369 3200 519 3270 ἐπολέμουν
537 3208 582 3255 καὶ
599 3201 634 3255 τὰ
651 3206 702 3270 μὲν
719 3201 855 3274 ἀνανδρίᾳ
871 3208 917 3255 καὶ
933 3202 1054 3270 μαλακίᾳ
1070 3205 1130 3257 τῶν
1141 3208 1305 3278 στρατηγῶν
1318 3207 1418 3276 ἐφθεί-

263 3306 333 3362 ρετο,
350 3285 386 3339 τὰ
403 3283 434 3337 δὲ
451 3285 478 3338 οἱ
494 3283 670 3357 προδιδόντες
688 3276 865 3353 ἀπώλλυσαν,
883 3289 962 3360 ἔργον
980 3285 1011 3340 δὲ
1028 3285 1107 3342 οὐδὲν
1124 3279 1158 3355 ἦν
1176 3286 1258 3355 αὐτοῦ
1278 3288 1420 3361 παρόντος
1488 3320 1489 3347 1

262 3378 318 3426 τοῖς
335 3369 476 3443 πράγμασι
492 3371 640 3439 μοχθηρῶς
656 3368 867 3442 ὑποφερομένοις
885 3369 979 3424 διὰτὸ
995 3377 1085 3444 χεῖρον
1103 3379 1214 3446 φρονεῖν
1231 3373 1293 3427 τοὺς
1309 3373 1419 3443 μᾶλλον
1488 3366 1489 3391 ¹

264 3455 442 3524 δυναμένους,
465 3452 539 3507 τέλος
562 3451 593 3506 δὲ
609 3452 715 3507 Σύλλας
731 3459 877 3521 Σκηπίωνι
894 3455 1206 3531 παραστρατοπεδεύσας
1222 3464 1268 3510 καὶ
1285 3458 1416 3532 φιλοφρο·

263 3538 391 3609 νεόμενος
409 3534 446 3591 ὠς
462 3535 567 3604 εἰρήνης
584 3540 712 3605 ἐσομένης
730 3536 872 3610 διέφθειρε
890 3540 922 3593 τὸ
940 3537 1094 3612 στράτευμα
1110 3547 1156 3594 καὶ
1170 3544 1258 3596 ταῦτα
1265 3543 1417 3615 προλέγων

264 3630 409 3691 Σκηπίωνι
427 3627 473 3674 καὶ
491 3617 628 3674 διδάσκων
646 3623 799 3692 Σερτώριος
815 3620 863 3677 οὐκ
881 3624 990 3697 ἔπειθε,
1012 3624 1191 3679 παντάπασιν
1211 3623 1346 3699 ἀπογνοὺς
1361 3627 1417 3694 τὴν

265 3706 347 3763 πόλιν
370 3702 496 3777 ὥρμησεν
520 3705 556 3757 εἰς
571 3702 702 3779 Ἰβηρίαν,
726 3704 774 3772 τός,
798 3710 822 3760 εί
842 3705 947 3778 φθάσει
964 3707 1016 3775 τὴν
1033 3712 1089 3762 ἐκεῖ
1104 3709 1303 3781 κρατυνάμενος
1319 3711 1416 3784 ἀρχὴν,

264 3791 406 3863 καταφυγὴ
423 3794 478 3843 τοῖς
495 3796 642 3844 πταίουσιν
658 3793 784 3844 ἐνταῦθα
798 3791 861 3844 ’τῶν
878 3792 969 3863 φίλων
991 3791 1123 3860 ἐσόμενος.
1160 3796 1194 3850 cf.
1215 3795 1278 3849 Sall.
1297 3796 1361 3851 hist.
1380 3796 1418 3850 fr.

267 3883 291 3941 1,
309 3881 339 3930 17
358 3876 393 3929 D.
416 3873 507 3929 ‘Cuius
529 3874 643 3930 advorsa
664 3878 803 3931 voluntate
827 3878 970 3945 conloquio
991 3879 1105 3934 militum
1122 3880 1254 3949 permisso
1273 3883 1419 3950 corruptio

264 3961 340 4015 facta
356 3970 505 4028 paucorum
523 3966 551 4013 11
568 3960 702 4015 exercitus
720 3960 812 4015 Sullae
828 3960 945 4017 traditus
963 3964 1022 4017 cst’
1056 3964 1090 4018 cf.
1108 3966 1179 4033 App.
1197 3964 1235 4019 Ib.
1258 3969 1313 4020 168.

351 4047 376 4109 31
393 4043 535 4098 Drumann
552 4044 600 4111 IV,
617 4050 666 4098 35³
685 4062 712 4099 n.
731 4050 772 4100 75.
1005 4060 1007 4063 ·
