2996 4784
428 325 495 380 fasti
512 323 707 394 Hispaniarum
724 327 931 395 provinciarum.
1184 292 1186 295 ι
1218 329 1257 393 83

102 501 249 581 gesserat
270 495 509 583 maximamque
539 497 715 581 Hispaniae
736 505 860 583 partem
883 499 974 565 brevi
996 504 1140 586 tempore
1162 523 1257 587 paea-

103 602 196 665 verat
209 596 248 681 1),
279 602 312 663 et
338 597 395 663 alii
424 607 570 666 auctores
599 601 786 682 complures
806 605 938 683 egerunt
966 607 999 666 et
1022 602 1257 689 Plutarchum),

102 699 159 783 qui
188 698 371 766 inimisitias
394 699 525 767 Catonis
554 707 587 765 et
616 702 809 767 suooessoris
836 702 905 768 eius
933 722 997 769 non
1023 706 1256 789 praetermittit,

102 818 299 882 quamquam
328 821 392 866 non
420 805 507 868 reete
535 802 717 887 Scipionem
747 821 897 886 magnum
931 804 1025 886 dioit,
1061 806 1115 886 qui
1144 807 1257 874 Catoni

102 901 301 969 snoeesserit.
346 901 483 970 Manlius
512 905 623 989 pausis
652 903 744 970 annis
766 911 840 988 post
859 907 975 973 iterum
996 913 1125 990 praetor
1146 909 1180 973 in
1201 910 1257 975 Hi·

101 1004 218 1088 spania
243 1003 312 1069 fuit.

103 1109 176 1170 566.
200 1105 275 1171 Sex.
298 1104 438 1188 Digitius

201 1208 235 1271 Ρ.
260 1205 424 1273 Cornelius
446 1207 501 1275 On.
517 1210 539 1274 f.
559 1209 667 1293 Soipio
689 1209 810 1275 Nasica
937 1283 941 1294 Ι
1025 1213 1246 1296 propraetor.)

258 1308 327 1374 Liv.
352 1313 408 1394 34,
431 1314 481 1375 43.
506 1310 664 1395 Prinoipio
690 1312 781 1394 anni,
812 1330 875 1393 quo
897 1312 933 1376 P.
956 1311 1064 1397 Saipio
1086 1312 1257 1379 Africanus

256 1410 372 1476 iterum
400 1417 433 1477 et
461 1412 510 1476 [tl.
542 1410 749 1498 Sempronius
777 1414 906 1496 Longus
940 1415 1087 1480 eonsules
1119 1414 1257 1498 fuerunt,

258 1549 300 1558 -
322 1548 364 1558 -
385 1516 550 1597 praetores
578 1513 681 1581 sortiti
707 1519 789 1578 sunt.
813 1510 949 1597 (evenit)
971 1515 1006 1581 P.
1030 1517 1255 1595 (16666116Ηί-

258 1614 371 1700 spania
392 1613 534 1696 ulterior,
556 1615 630 1681 Sex.
654 1613 777 1695 Digitio
801 1614 935 1680 eiterior.
976 1615 1129 1684 ot‘Oros.
1152 1623 1183 1699 4,
1206 1621 1256 1685 20.

189 1715 340 1799 Digitius,
363 1734 458 1797 quem
472 1715 554 1783 falso
570 1716 701 1783 Orosius
716 1714 865 1782 Publium
880 1721 986 1801 voeat,
1004 1736 1033 1782 a.
1050 1722 1112 1782 564
1131 1718 1256 1803 legatus

100 1837 122 1882 a
143 1818 180 1882 L.
197 1815 347 1903 Soipione
370 1819 500 1884 oonsule
522 1819 704 1884 nominatus
727 1817 814 1900 est.³)
852 1818 959 1904 Soipio
976 1819 1014 1902 is,
1038 1838 1133 1901 quem
1147 1841 1177 1885 a.
1195 1824 1256 1884 550

100 1917 244 1985 nondum
269 1920 486 2000 quaestorium
515 1926 644 1985 senatus
665 1919 769 1985 virum
790 1920 946 2002 optimum
973 1920 1187 2003 iudioaverat,
1214 1940 1257 1986 ex

8 2044 10 2109 j
101 2020 260 2105 Hispania
280 2038 428 2088 reversus
450 2021 651 2087 consulatum
672 2020 808 2105 primum
823 2021 940 2087 frustra
954 2021 1069 2105 petivit
1078 2021 1115 2104 ⁴),
1138 2020 1256 2088 deinde

103 2143 132 2188 a.
157 2125 218 2186 563
249 2123 359 2190 consul
388 2121 429 2187 de
457 2123 546 2189 Boiis
575 2122 823 2207 triumphavit.⁵)
866 2121 1045 2189 Dicendum
1071 2121 1174 2189 (1666
1197 2123 1257 2188 erit

101 2221 145 2288 ad
167 2242 286 2289 annum
309 2243 436 2307 quoque
459 2227 536 2304 583,
560 2242 622 2305 quo
646 2223 862 2309 Hispanorum
883 2231 1036 2307 patronus
1058 2231 1135 2291 erat.

102 2329 281 2391 561-564.
305 2325 338 2390 Ο.
361 2324 538 2391 Flaminius

7 2510 9 2519 Ι
102 2431 282 2492 aot—562.
305 2427 347 2493 Μ.
361 2426 494 2492 Fulvius
516 2427 663 2494 Nobilior

256 2529 326 2594 Liv.
344 2533 394 2611 34,
411 2534 461 2592 55.
476 2527 658 2611 provintias
673 2526 791 2595 deinde
809 2529 955 2594 eonsules
969 2529 1067 2612 prius,
1082 2536 1149 2595 tum
1164 2550 1255 2614 prae·

256 2635 342 2696 tores
363 2629 522 2696 sortiti-
537 2664 579 2674 -
602 2629 636 2695 (i.
654 2629 832 2696 Flaminius
854 2629 1045 2713 Hispaniam
1067 2630 1255 2714 citeriorem,

256 2732 297 2796 M.
320 2731 453 2798 Fulvius
476 2729 666 2815 Hispaniam
687 2730 880 2798 ulteriorem.
914 2730 953 2796 of.
976 2724 1058 2797 anot.
1081 2730 1112 2794 d.
1134 2731 1193 2797 vir.
1208 2731 1253 2797 ill.

256 2836 358 2915 52,1.
402 2831 494 2899 Oros.
517 2839 547 2917 4,
571 2837 621 2897 20.

187 2935 238 2999 De
260 2934 474 3019 postulatione
497 2953 593 3016 quam
617 2934 651 2999 O.
674 2933 852 2998 Flaminius
879 2934 912 2998 in
942 2938 1055 2999 senatu
1080 2935 1255 3016 protulerat

98 3035 132 3102 in
154 3035 356 3121 praefatione
377 3033 497 3100 dietum
514 3041 578 3120 est;
600 3038 689 3102 iuvat
704 3035 757 3101 hio
771 3033 901 3118 addere,
927 3032 1005 3117 quid
1020 3037 1149 3099 senatus
1163 3052 1253 3118 prae-

870 1166 984 1242 praett
1009 1208 1023 1293 (

716 2382 831 2461 praett.
857 2425 1015 2510 (procos.)

7 3136 9 3153 ³
98 3137 161 3204 tori
189 3135 406 3222 responderit:
435 3133 481 3201 ‘Si
509 3137 662 3203 tumultus
691 3137 724 3203 in
747 3135 903 3221 Hispania
926 3140 1026 3217 esset,
1056 3136 1185 3219 plaeere
1206 3141 1253 3201 tu-

99 3238 288 3305 multuarios
310 3238 428 3303 milites
444 3244 537 3304 extra
550 3239 678 3304 ltaliam
695 3238 791 3305 soribi
809 3239 1010 3323 apraetore.'
1039 3237 1120 3303 Inde
1135 3237 1253 3305 Valerii

99 3339 241 3408 Antiatis
263 3337 304 3405 de
319 3338 480 3405 Siciliensi
501 3344 534 3404 et
547 3339 656 3406 Afrioo
678 3339 798 3406 dileotn
812 3336 1091 3422 narratiunculass)
1121 3339 1163 3403 M.
1179 3339 1253 3404 Ful-

98 3443 170 3509 vius
192 3439 341 3508 Nobilior
368 3462 440 3506 oum
462 3440 615 3507 Vaooaeis
644 3446 676 3507 et
697 3440 887 3508 Vettonibus
915 3447 948 3505 et
970 3438 1138 3506 Celtiberis
1166 3438 1253 3522 apud

100 3545 251 3611 Toletum
279 3548 415 3627 pugnat,
449 3541 535 3626 quod
570 3541 724 3626 oppidum
757 3541 911 3608 citerioris
941 3540 1126 3626 provintiae
1159 3541 1253 3624 estl)

101 3645 252 3711 Proximo
280 3662 364 3710 anno
386 3644 427 3709 Μ.
450 3643 590 3710 Baebius
613 3644 802 3730 Tamphilus
831 3649 864 3708 et
890 3644 928 3708 A.
951 3640 1069 3708 Atilius
1097 3641 1253 3708 Serranus

99 3754 265 3829 praetores
286 3744 458 3829 Hispanias
488 3745 669 3829 provincias
697 3745 801 3812 sortiti
823 3750 929 3827 erant,
958 3744 1017 3810 sed
1039 3764 1111 3810 oum
1132 3744 1253 3810 bellurn

187 3982 212 4044 1)
236 3978 277 4035 Gi.
296 3976 565 4046 sangonam,
589 3992 617 4045 p.
637 3980 686 4032 194
703 3994 744 4048 sq.
820 3980 845 4041 2)
868 3976 927 4032 Cat.
947 3980 986 4032 11.
1011 3978 1046 4032 61.
1064 3977 1124 4035 Lis.
1144 3983 1175 4034 35
1184 3944 1198 4047 ,0
1211 3983 1252 4035 to.

103 4062 305 4130 6116664.
375 4065 401 4128 4)
420 4066 460 4129 35,
481 4066 520 4115 ro.
591 4065 618 4129 s)
636 4065 677 4129 ao,
695 4067 737 4149 46.
781 4063 833 4127 o)
852 4066 893 4129 as,
911 4065 935 4115 2.
1005 4065 1135 4130 6661.

1011 4165 1048 4218 6*

1475 3913 1485 3963 l
