2996 4784
431 322 495 377 fasti
513 321 706 390 Hispaniarum
723 319 932 388 provinciarum.
1191 321 1250 382 125

185 495 279 576 Quod
302 493 459 562 Silanum·
474 514 538 562 eos.
563 497 623 558 692
654 493 831 560 citeriorem
856 496 1054 577 provinoiam
1077 496 1252 563 obtinuisse

13 650 14 653 η
97 598 267 683 Zumptius
297 597 490 681 suspicatur,
519 597 607 662 nullo
635 602 821 678 argumento
849 596 975 681 nititur,
1005 605 1040 663 ut
1070 599 1113 663 ad
1135 621 1252 666 annum

98 707 162 767 653
187 699 420 767 adnotavimus.

186 802 337 868 Proximo
360 821 443 866 anno
464 800 658 891 praetorios,
682 801 737 882 qui
758 799 931 884 Hispanias
953 801 1175 870 administrare
1197 824 1252 887 po-

98 906 227 987 tuerint,
249 904 405 970 habemus
427 902 468 966 M.
485 901 647 967 Valerium
663 901 847 967 Messallam
870 907 902 967 et
920 903 955 968 L.
972 902 1153 972 Cornelium
1171 908 1253 973 Len·

97 1009 201 1074 tulum
223 1004 398 1087 1411111114)
442 1047 445 1053 Α

99 1114 173 1176 695.
196 1110 232 1173 Ρ.
257 1106 422 1172 Cornelius
443 1107 597 1172 Lentulus
620 1105 774 1188 Spinther
795 1112 982 1189 propraetor
1004 1108 1055 1174 eit.
1078 1108 1118 1174 H.

255 1209 345 1275 Caes.
362 1208 392 1274 b.
410 1228 435 1273 o.
455 1212 481 1290 1,
499 1211 549 1273 22.
573 1206 721 1273 Caesaris
735 1206 767 1270 in
783 1227 818 1272 se
834 1206 990 1274 beneficia
1005 1211 1144 1295 exponit,
1169 1212 1255 1294 quod

254 1330 312 1395 per
340 1294 413 1376 e'um
440 1309 474 1374 in
496 1308 667 1390 collegium
689 1308 874 1392 pontificum
899 1316 1044 1394 venerat,
1075 1312 1160 1393 quod
1181 1336 1253 1400 pro·

255 1412 394 1477 vinolam
423 1410 613 1493 Hispaniam
650 1431 690 1477 ex
718 1414 869 1496 praetura
900 1412 1072 1495 habuerat,
1109 1415 1194 1496 quod
1222 1403 1282 1481 in'

254 1513 410 1598 petitione
430 1512 613 1578 consulatus
635 1513 831 1578 sublevatus.

255 1615 320 1682 cro.
343 1610 418 1680 fam.
446 1616 518 1696 1,9,
537 1616 583 1679 13.
607 1615 724 1680 Postea
746 1633 842 1696 quam
864 1621 897 1679 tu
920 1615 1108 1699 Hispaniam
1131 1618 1254 1684 eiterio-

256 1738 322 1783 rem
346 1736 417 1780 oum
438 1714 573 1799 imperio
596 1715 757 1782 obtineres
778 1735 883 1797 neque
898 1737 949 1783 res
964 1717 1095 1801 publiea
1110 1722 1255 1787 eonsules

256 1818 398 1884 haberet.
416 1812 424 1827 ³

188 1921 343 1986 Lentulus
367 1917 517 2003 Spinther
540 1924 603 1999 quo
626 1937 709 1984 anno
731 1927 859 2002 praetor
880 1920 983 2001 luerit,
1007 1940 1070 1987 non
1093 1942 1111 1986 e
1131 1922 1256 1990 Oioero-
1352 1919 1357 1931 '

12 2010 14 2091 ἶ
105 2024 153 2090 nis
175 2025 278 2088 solum
302 2021 410 2087 verbis
432 2020 648 2102 cognoscitur,
672 2019 786 2103 quibus
810 2019 956 2085 Caesaris
979 2023 1178 2088 consulatum
1201 2022 1256 2090 de·

12 2144 13 2147 ’
107 2124 223 2205 soribit,
246 2122 304 2189 sed
326 2143 367 2188 ex
390 2143 427 2188 eo
451 2140 587 2204 quoque,
611 2122 697 2203 quod
719 2142 747 2186 a.
765 2124 824 2218 697
842 2123 953 2187 oonsul
974 2130 1043 2199 erat
1065 2131 1097 2189 et
1119 2126 1256 2192 aedilem

106 2226 247 2291 curulem
269 2245 341 2291 eum
364 2224 462 2289 fuisse
485 2243 579 2307 anno,
603 2242 666 2305 quo
689 2223 799 2289 Cioero
823 2224 931 2289 consul
953 2225 1058 2310 fuerit,
1084 2228 1257 2293 memoriae
1348 2288 1382 2321 ,Χ

105 2327 237 2393 tradidit
258 2325 422 2404 Plinius.²)
466 2326 577 2390 Trium
597 2332 726 2409 praeter
748 2326 917 2391 Lentulum
940 2334 1123 2409 praetorum
1145 2334 1257 2395 1694

12 2434 14 2479 ³
104 2429 288 2513 provinciae
311 2433 407 2493 notae
430 2433 518 2508 sunt,
542 2425 582 2492 de
606 2426 807 2504 acaeouio
829 2426 960 2492 Metello
983 2428 1109 2513 Nepote
1132 2430 1257 2497 dubita-

12 2530 13 2533 ’
104 2530 214 2614 1111113)
246 2532 389 2595 Duorum
411 2527 628 2612 proximorum
651 2546 805 2592 annorum
823 2528 953 2593 nimium
969 2530 1062 2595 multi
1076 2536 1158 2614 sunt,
1182 2552 1256 2613 quo-

105 2652 175 2699 rum
197 2630 381 2716 provinciae
403 2631 543 2695 incertae
565 2635 646 2711 sunt,
671 2647 767 2709 quam
789 2633 824 2693 ut
850 2631 978 2696 nomina
1000 2631 1213 2713 afferamus.⁴)

107 2736 285 2798 698-699.
309 2732 346 2810 Q.
370 2731 528 2797 anoilius
551 2730 699 2796 Metellus
720 2732 831 2815 Nepos
852 2751 975 2815 proeos.

107 2838 180 2900 698.
204 2833 279 2900 Sex.
303 2833 493 2913 Quinetilius
516 2833 618 2897 Varus
641 2838 829 2917 propraetor
851 2830 1021 2918 (procae).

260 2934 323 3002 Dio
348 2938 403 3018 39,
428 2939 477 3000 54.
503 2931 551 2997 Ἐν
578 2925 604 3017 ᾦ
628 2932 665 2998 δὲ
690 2931 801 2998 ἐκεῖνα
825 2932 984 3017 ἐγίγνετο,
1014 2935 1071 2998 καὶ
1094 2930 1113 3018 ἡ
1136 2931 1259 3020 Ἰβηρία

204 3081 214 3101 e
261 3035 418 3122 ἐκινήθη,
442 3034 495 3100 διὸ
520 3035 574 3099 καὶ
597 3040 644 3116 τῷ
667 3039 840 3120 Πομπηίῳ
862 3033 1094 3121 προσετάχθη.
1132 3033 1260 3101 ἐπανα-

263 3136 402 3214 στάντες
437 3134 499 3221 γάρ
529 3160 619 3212 τινες
648 3137 704 3202 καὶ
739 3137 950 3213 Οὐακκαλους
984 3134 1261 3223 προστησάμενοι

261 3239 349 3326 μάχῃ
379 3241 440 3321 μὲν
470 3236 537 3304 ὑπὸ
566 3244 626 3303 τοῦ
649 3244 814 3314 Νέπωτος
843 3244 903 3302 τοῦ
925 3240 1102 3305 Μετέλλου
1127 3234 1261 3323 ἀπαρά-

266 3365 381 3408 σκευοι
413 3337 462 3406 ἔτ’
489 3336 583 3416 ὄντες
610 3334 817 3425 ἡττήθησαν,
847 3340 1086 3422 πολιορκοῦντι
1111 3337 1145 3404 δ’
1170 3337 1261 3425 αὐτῷ

265 3443 432 3506 Κλουνίαν
455 3438 664 3517 ἐπελθόντες
690 3437 848 3522 ἀμείνους
874 3438 1026 3522 ἐγένοντο
1050 3443 1105 3505 καὶ
1129 3439 1261 3527 ἐκείνην

266 3542 375 3626 οἱμὲν
391 3542 691 3630 περιεποιήσαντο,
709 3542 858 3626 ἑτέρωθι
875 3541 912 3607 δὲ
929 3540 1125 3629 ἐσφάλησαν
1142 3538 1180 3607 οὗ
1195 3542 1262 3629 μὴν
1298 3604 1305 3614 .
1339 3623 1344 3634 ·

267 3640 353 3710 ὥστε
384 3648 441 3711 καὶ
471 3641 519 3710 δι’
551 3645 663 3728 ὀλίγου
694 3644 926 3729 δουλωθῆναι,
963 3650 1010 3726 τῷ
1039 3643 1102 3727 γὰρ
1131 3642 1262 3729 πλήθει

266 3746 351 3811 πολὺ
375 3753 441 3811 τῶν
464 3745 623 3813 ἐναντίων
646 3752 824 3832 περιῆσαν,
849 3743 935 3812 ὥστε
959 3747 1014 3810 καὶ
1037 3743 1095 3809 τὸν
1113 3749 1262 3810 Νέπωτα

202 3989 226 4050 1)
250 3981 289 4038 cf.
308 3981 389 4036 Hdlzl
411 3996 438 4048 p.
457 3986 499 4034 41.
519 3986 560 4034 50.
647 3985 673 4045 2)
697 3997 723 4033 n.
742 3980 768 4034 h.
788 3984 812 4045 9,
831 3984 863 4034 39
883 3983 945 4045 (63),
967 3983 1023 4032 131.
1060 3979 1093 4033 ef.
1113 3978 1167 4033 Gie.
1186 3978 1262 4033 Brut.

115 4073 156 4134 ll,
174 4072 233 4123 266.
320 4071 346 4133 3)
365 4065 405 4120 Gi.
422 4066 501 4120 Holzl
517 4082 545 4133 p.
563 4070 604 4119 61.
690 4068 716 4129 4)
739 4063 778 4119 Ib.
796 4081 823 4133 p.
841 4069 873 4153 53
892 4080 948 4132 sqq.
