2996 4784
410 321 477 377 fasti
493 321 686 390 Hispaniarum
703 322 915 390 provinciarum
1181 323 1240 386 109

83 493 205 577 studet,
228 492 313 559 hune
332 502 460 575 'quoque
476 491 614 560 Galbam
637 512 666 587 a.
683 497 744 558 646
760 493 948 581 Hispaniam
971 495 1147 563 obtinuisse
1161 497 1240 580 vult,

84 596 240 662 Pisonem
262 615 290 660 a.
308 597 380 676 647,
400 612 499 675 quem
521 595 562 660 ab
577 596 727 682 Appiano
743 596 869 663 Galbae
891 616 1107 666 successorem
1129 601 1238 683 appel·
1324 594 1327 598 ’

82 697 150 763 lari
172 716 278 764 errore
299 696 407 763 nescio
431 715 494 777 qno
516 695 602 762 dicit.

85 804 162 866 645.
185 799 222 879 Q.
247 795 401 881 Servilius
424 798 544 882 Caepio
566 805 667 881 praet.
689 797 746 863 614.
769 797 808 863 H.

243 899 330 964 Eutr.
347 903 376 982 4,
393 902 443 962 27.
465 900 494 963 A
517 899 559 964 M.
576 899 665 965 lunio
689 897 799 967 Silano
822 900 948 983 collega
965 900 1002 979 Q.
1018 900 1140 968 Metelli
1155 900 1238 967 Cim-

243 1000 292 1066 bri
319 999 352 1065 in
376 999 484 1065 Callia
513 1005 544 1066 et
572 1001 751 1067 aMinucio
774 1001 856 1069 Rufo
880 1002 914 1068 in
936 1001 1126 1069 Macedonia
1148 999 1239 1069 Scor·
1350 1003 1354 1007 “

242 1101 324 1167 disci
352 1106 385 1166 et
406 1100 544 1167 Triballi
573 1107 605 1168 et
633 1123 653 1168 a
676 1102 813 1169 Servilio
836 1103 997 1188 Caepione
1024 1104 1058 1169 in
1085 1102 1241 1189 Hispania
1262 1100 1266 1109 ⁴

243 1203 388 1269 Lusitani
410 1202 487 1268 victi
508 1209 589 1269 6664.
624 1205 673 1295 cf.
698 1204 768 1270 Val.
791 1204 876 1270 Max.
900 1209 929 1288 6,
956 1208 985 1286 9,
1010 1208 1058 1269 13.

174 1305 211 1384 Q.
229 1303 386 1371 Caecilius
408 1304 556 1370 Metellus
579 1304 767 1372 Numidicus
781 1312 822 1385 164
836 1306 877 1372 M.
893 1307 1002 1373 Iunius
1018 1305 1147 1372 Silanus
1166 1326 1239 1373 con·

83 1406 177 1474 sules
199 1412 289 1472 erant
310 1426 338 1471 a
363 1411 436 1488 645,
457 1406 528 1489 ipse
550 1406 669 1491 Caepio
693 1409 805 1473 consul
825 1407 929 1474 166466
953 1411 1003 1473 664
1024 1408 1125 1474 tribus
1148 1408 1240 1473 annis

82 1515 171 1592 post.
216 1505 444 1591 Triumphasse
473 1526 546 1572 eum
576 1507 653 1573 dicit
674 1509 821 1574 Valerius
852 1510 1011 1575 Maximus
1038 1508 1088 1573 his
1117 1508 1239 1576 verbis:

84 1608 156 1691 ‘qui
176 1613 346 1694 praeturae
368 1605 547 1692 splendore,
571 1608 723 1693 triumphi
742 1610 896 1693 claritate,
920 1610 1102 1676 consulatus
1123 1610 1239 1677 decore

84 1749 129 1759 —
152 1712 186 1777 in
207 1710 343 1795 publicis
365 1709 501 1775 vinculis
524 1711 668 1793 spiritum
692 1711 859 1795 deposuit’.
894 1710 984 1789 Quae
1006 1710 1119 1776 ultima
1140 1712 1241 1781 uerba

86 1813 132 1880 ad
155 1812 370 1880 calamitatem
393 1811 461 1877 eius
487 1812 572 1878 bello
599 1812 757 1879 Cimbrico
784 1820 951 1897 acceptam
974 1812 1131 1896 referes.¹)
1174 1814 1240 1898 Ap·

86 1914 180 1999 piani
200 1914 241 1981 de
264 1913 363 1998 copiis
386 1912 650 1998 Hispaniensibus
672 1913 818 1995 (116466,
839 1914 924 1994 quod
953 1913 1048 1979 modo
1072 1914 1239 1997 exscripsi-

87 2035 171 2098 mus,
191 2036 254 2082 non
277 2016 387 2081 valere
409 2015 472 2080 nisi
492 2019 565 2098 post
587 2035 705 2081 annum
727 2018 789 2095 649
813 2019 845 2080 64
866 2033 907 2079 ex
933 2014 1078 2098 Eutropii
1099 2015 1169 2081 loco
1192 2014 1239 2079 di-

89 2116 208 2183 scimus
228 2122 260 2183 et
281 2136 322 2182 ex
345 2136 393 2198 66,
417 2113 502 2196 quod
518 2114 741 2200 Obsequens2)
760 2115 804 2182 ad
818 2135 935 2181 annum
950 2114 1042 2179 illum
1057 2113 1238 2183 adnotavit:

89 2215 120 2284 ‘a
133 2216 294 2284 Lusitanis
309 2217 467 2283 exercitus
482 2217 644 2283 Romanus
660 2217 790 2284 caesus'.
821 2220 872 2284 De
882 2215 1062 2283 incursione
1073 2238 1094 2283 a
1104 2215 1240 2283 Cimbris

86 2319 121 2385 in
143 2319 333 2404 Hispaniam
354 2319 441 2384 faeta
461 2314 634 2386 admonere
649 2318 733 2402 licet,
756 2337 839 2399 quae
855 2318 966 2383 Livius
976 2318 1001 2401 3)
1015 2318 1203 2384 Plutarchus
1213 2319 1240 2403 4)

88 2419 314 2504 obsequerer)
342 2440 382 2486 66
410 2419 451 2485 (16
479 2437 514 2484 re
541 2420 748 2485 tradiderunt.
792 2419 974 2504 11666616)
1007 2416 1113 2486 66466
1141 2422 1240 2504 locus,

88 2542 152 2606 quo
174 2523 307 2606 Pighius
329 2522 418 2588 nisus
442 2517 509 2606 [M]
525 2518 674 2586 Fulvium
692 2517 913 2605 [Nobiliorem]
938 2540 967 2585 a.
984 2524 1042 2584 651
1064 2521 1241 2606 Hispaniae

86 2624 270 2711 praesidem
290 2623 390 2690 fuisse
413 2623 560 2706 opinatus
583 2627 648 2704 est,
671 2622 732 2687 huo
755 2621 881 2688 omnino
903 2641 965 2687 non
987 2622 1140 2705 66141664,
1164 2643 1239 2689 666

11 2726 12 2729 ’
88 2723 258 2792 ‘Cimbrico
286 2726 391 2807 bello’‚
421 2722 507 2806 quod
533 2723 578 2810 ibi
604 2724 843 2809 scriptumest,
872 2721 1079 2788 iamdudum
1102 2724 1240 2792 editores

88 2827 259 2909 sequentia
277 2827 437 2893 voeabula
451 2824 631 2891 ‘Celtiberis
645 2825 894 2906 insequentibus
910 2830 997 2889 recte
1010 2825 1240 2909 perspicientes

86 2929 121 2995 in
144 2926 347 2994 ‘Celtiberico
371 2926 465 2992 bello’
489 2925 697 2992 emendarunt
725 2931 890 3006 totumque
911 2927 1016 2990 locum
1039 2923 1081 2989 ad
1104 2926 1239 3004 6166

87 3031 177 3096 vium
198 3030 350 3096 Flaccum
372 3028 571 3109 rettulerunt,
594 3045 689 3107 quern
712 3026 849 3092 similem
870 3026 903 3091 in
925 3025 1055 3091 modum
1074 3026 1240 3111 ingeniose

87 3132 209 3198 beMurn
231 3131 370 3213 gessisse
392 3128 540 3211 Liviusr)
563 3128 703 3195 tradidit

88 3236 162 3298 652.
184 3232 227 3297 M.
250 3230 370 3297 Marius
391 3238 491 3314 praet.
514 3231 565 3296 cit
543 3231 628 3296 4.Η

242 3334 324 3415 App.
340 3331 387 3397 Ib.
406 3337 476 3397 100.
499 3330 598 3396 πόλιν
622 3326 656 3395 d
680 3330 797 3413 ἑτέραν
820 3334 881 3415 τῆς
901 3272 1072 3413 Κ6λένδης
1094 3330 1239 3414 πλησίον

244 3427 353 3552 daona
369 3430 510 3517 μιγάδες
526 3426 804 3518 Κελτιβήρων,
771 3426 829 3507 οὓς
844 3427 990 3513 Μάρκος
1003 3426 1140 3512 Μάριος
1157 3451 1240 3511 σαμ-

242 3531 458 3618 μαχήσαντας
480 3529 570 3618 αὐτῷ
593 3533 652 3597 καὶ
667 3538 872 3597 Λυσιτανῶν
889 3536 950 3614 τῆς
965 3528 1119 3615 βανλης
1105 3554 1240 3613 suceps-

168 3684 171 3689 ,
243 3632 376 3719 modone
399 3630 517 3718 ᾠκίκει
538 3630 606 3717 6ρό
629 3638 730 3721 ulvas
754 3631 925 3698 ἐνιαυτῶν.

175 3736 292 3822 Agitur
313 3757 351 3803 eo
373 3737 444 3802 loeo
467 3734 507 3801 de
529 3737 567 3800 T.
589 3733 687 3818 Didip
714 3734 995 3816 66666166656,
1027 3731 1142 3815 quodsi
1170 3730 1239 3816 πρὸ

88 3891 294 3901 ..—

179 3974 202 4037 l)
225 3970 279 4026 Cic.
298 3971 323 4025 d.
342 3984 381 4026 or.
400 3973 428 4034 2,
447 3972 496 4035 28,
516 3972 573 4022 124.
608 3968 685 4023 Balb.
706 3971 751 4035 11,
773 3970 813 4021 28.
901 3969 991 4031 2)·4².
1087 3969 1113 4032 3)
1136 3981 1178 4036 cp.
1198 3971 1239 4021 61.

89 4055 206 4123 666.
227 4055 312 4109 rain.
383 4058 468 4120 646
537 4055 785 4120 aususausus.
856 4054 1000 4118 orca.
