2996 4784
425 313 491 368 fasti
507 313 698 405 Hispaniarum
715 315 920 383 provinciarum.
1188 316 1244 376 101
1306 342 1311 349 ·

95 503 171 550 cum
193 485 322 550 consule
345 488 378 550 et
399 483 570 550 advenisse
585 488 617 548 et
632 483 775 551 rediisse.
806 487 857 553 De
871 487 1052 554 Aemiliano
1067 488 1146 553 satis
1161 489 1248 572 apud

93 585 279 671 Appianum
308 585 433 666 legitur.
484 587 520 650 In
549 586 628 653 miro
656 585 713 653 illo
742 585 962 655 additamento
995 586 1152 672 δεύτερος
1181 586 1251 672 ὅδε,

95 686 183 768 quod
205 685 313 752 neseio
336 708 378 752 an
402 707 420 752 c
442 686 649 768 sequentibus
678 687 844 777 vocabulis
872 686 1028 771 δεύτερον
1052 688 1128 767 ἔτος
1150 690 1250 776 irrep-

95 787 191 870 serit,
220 785 593 870 Hoffmannuspratere
614 788 794 873 suspicatur
813 789 918 855 Laelii
942 789 1125 876 victoriam,
1153 809 1250 873 quam

95 888 248 973 auspiciis
276 889 415 954 consulis
437 910 457 954 a
478 889 623 956 Viriatho
648 889 875 974 reportaverit,
904 909 1097 972 quamquam
1120 892 1249 958 Laelius

96 998 195 1058 antea
217 990 259 1057 ab
280 990 429 1074 Appiano
451 992 539 1057 nullo
561 992 660 1057 verbo
686 999 960 1058 commemoratur.

96 1095 277 1156 611-612,
300 1092 338 1172 Q.
363 1091 520 1158 Caecilius
542 1092 691 1158 Metellus
714 1110 776 1158 eos.

95 1198 170 1260 611.
303 1205 326 1259 ><
364 1191 531 1270 Quinctius
553 1198 683 1276 praet.x

249 1296 334 1378 App.
357 1294 404 1358 lb.
429 1298 478 1359 76.
502 1291 661 1358 ἐπάνεισι
690 1290 723 1357 d’
748 1291 785 1370 ἒς
807 1292 865 1357 τὸν
885 1291 1078 1377 Ἀρουακιῦν
1101 1296 1158 1360 καὶ
1180 1302 1249 1362 No-

250 1397 417 1474 μαντίνων
439 1392 589 1475 πόλεμον
613 1388 632 1478 ἦ
656 1393 781 1478 γραφὴ,
806 1390 864 1471 οὓς
883 1391 1078 1477 oteramus
1093 1397 1155 1477 μὲν
1172 1394 1251 1483 ἠρέ-

251 1500 352 1560 θισεν
376 1493 411 1571 ἐς
438 1493 638 1573 ἀπόστασιν,
671 1496 848 1571 Καικίλιος
878 1492 910 1559 d’
935 1492 1051 1573 αὐτοῖς
1074 1499 1256 1576 Μέτελλος

251 1593 320 1661 ἀπὸ
330 1591 455 1682 Ῥώμης
471 1594 711 1680 ἐπιπεμφθεὶς
724 1595 808 1677 μετὰ
820 1597 964 1672 πλέονος
978 1605 1120 1681 στρατοῦ
1129 1596 1250 1682 Ἀρου-

252 1695 358 1787 croto
376 1697 437 1778 μὲν
460 1694 675 1778 ἐχειρώσατο.
720 1697 759 1762 ef.
781 1703 865 1763 auct.
889 1696 918 1763 d.
942 1717 972 1762 v.
995 1698 1041 1763 ill.
1064 1704 1115 1784 41,
1141 1704 1249 1769 3-5.

251 1800 392 1880 autea
417 1803 465 1864 16.
511 1796 580 1865 Liv.
603 1819 654 1882 ep.
677 1802 727 1862 53.
770 1800 880 1864 Front.
904 1803 933 1879 3,
957 1805 986 1881 7,
1009 1803 1038 1864 3.
1175 1858 1191 1865 ,,

226 1900 333 1985 ,App
348 1899 396 1964 lb.
414 1903 464 1964 65.
487 1900 543 1962 aci
566 1896 646 1964 τάδε
669 1900 731 1979 μὲν
755 1895 773 1962 ὃ
792 1898 999 1979 Αἰμιλιανὸς
1022 1898 1251 1984 ἐργασάμενος

161 1990 166 1997 ’
251 1999 288 2076 ἐς
307 1995 430 2084 Ῥώμην
453 1995 574 2084 darios,
600 1998 843 2080 διαδεξαμένου
865 1998 926 2084 τὴν
953 1996 1057 2085 ἀρχὴν
1081 2006 1250 2068 Κοιντίου.

79 2118 82 2119 ἢ
185 2100 221 2179 Q.
245 2101 419 2168 Caecilium
448 2093 612 2165 Metellum
635 2099 673 2178 Q.
695 2101 798 2167 Fabio
821 2100 961 2166 Maximo
991 2099 1161 2185 succedere
1186 2104 1249 2169 ius-

19 2214 39 2253 '-
97 2223 168 2270 sum
197 2209 330 2288 propter
352 2203 568 2267 Arevacorum
597 2204 767 2285 tumultum
793 2203 826 2267 in
849 2201 994 2267 citeriore
1016 2203 1180 2284 provincia
1202 2223 1250 2269 re-

96 2305 254 2371 mansisse
277 2303 355 2369 dicit
369 2301 641 2385 Mommsenusap
654 2302 747 2381 Quod
769 2303 797 2369 si
818 2323 929 2369 verum
951 2307 1046 2386 essct,
1069 2303 1251 2383 Quinotium

97 2410 278 2491 praetorem
305 2404 475 2487 ignavum,
506 2421 601 2483 quem
623 2404 796 2470 Aemiliani
824 2404 930 2470 locum
959 2404 1135 2471 obtinuisse
1163 2405 1251 2472 idem

57 2542 60 2543 ν
96 2502 349 2588 Mommsenusi)
373 2502 548 2588 confitetur,
570 2525 591 2569 a
613 2506 752 2588 consule,
774 2526 839 2570 non
853 2524 874 2568 a
888 2510 1003 2570 senatu
1017 2506 1050 2570 in
1065 2506 1250 2574 ulteriorem

19 2666 20 2695 ,
96 2607 297 2693 provinciam
320 2605 452 2672 missum
475 2625 546 2671 esse
569 2604 753 2672 existimare
766 2624 825 2670 nos
845 2608 1013 2688 oporteret,
1038 2607 1123 2686 quod
1140 2624 1249 2686 quam-

19 2712 20 2739 i
97 2729 196 2792 quam
223 2706 293 2773 fieri
314 2707 455 2792 potuisse
478 2705 608 2772 Catonis
631 2708 813 2790 exemplum
840 2706 949 2788 docet,
978 2706 1119 2791 Appiani
1141 2726 1249 2772 narra-

19 2880 20 2883 ,
96 2811 176 2877 tioni
192 2809 384 2876 eontrarium
398 2815 456 2874 est.
486 2806 647 2874 Praetoris
662 2827 778 2874 nomen
794 2812 962 2883 Κοιντίου,
980 2806 1067 2892 quod
1084 2809 1250 2893 Appianus

19 2902 20 2973 ἑ
96 2910 239 2995 tradidit,
263 2930 334 2976 cum
355 2930 419 2975 non
442 2909 611 2974 conveniat
633 2928 704 2974 cum
726 2928 764 2975 eo
788 2906 874 2988 quod
900 2910 1042 2989 sequitur
1063 2913 1249 2994 Πομπηίου

95 3008 321 3095 ιοῦ·Αίλου,·
346 3010 398 3077 hie
427 3016 459 3076 et
487 3014 656 3093 praetcrea
683 3015 731 3075 ter
751 3009 785 3074 in
807 3009 951 3073 Κοίντου
975 3013 1130 3081 mutatum
1154 3014 1204 3076 est
1212 3009 1251 3094 4),
1274 3018 1278 3027 ‘

96 3113 212 3180 iniuria
228 3112 373 3195 quidem:
395 3132 471 3177 nam
487 3110 524 3188 Q.
541 3110 713 3194 Pompeius
724 3112 762 3176 A.
778 3110 800 3175 f.
817 3112 925 3176 consul
940 3132 969 3177 a.
986 3113 1047 3175 613
1066 3130 1131 3175 non
1145 3116 1251 3196 potest

96 3219 227 3300 praetor
248 3234 277 3279 a
294 3218 353 3278 611
371 3213 405 3279 in
424 3212 580 3298 Hispania
601 3212 751 3278 ulteriore
774 3231 860 3296 esse;
882 3218 1121 3297 propraetorem
1143 3217 1251 3279 autem

98 3335 171 3382 eum
193 3313 328 3396 fuissc⁵)
351 3333 455 3395 neque
478 3313 645 3394 quisquam
668 3310 801 3378 tradidit
821 3330 927 3393 neque
941 3334 998 3396 per
1013 3332 1048 3379 se
1063 3312 1131 3378 veri
1146 3313 1251 3381 simile

99 3422 161 3498 est3
186 3415 359 3482 delendum
381 3420 430 3481 est
451 3413 538 3479 haud
561 3413 658 3480 dubie
673 3416 857 3499 Πομπηίου
880 3419 941 3477 τοῦ
956 3406 1084 3490 Αὔλου,
1108 3411 1194 3493 quod
1210 3431 1251 3478 cx

98 3517 306 3598 sequentibus
327 3515 536 3600 anticipatum
559 3514 736 3597 videtursst,
758 3512 958 3581 retinendum
981 3513 1155 3590 Κοίντιος,
1179 3533 1251 3579 cum
1366 3582 1374 3594 ‚

19 3698 21 3727 γ
99 3617 286 3702 praesertim
314 3618 497 3701 Appianum
525 3623 574 3683 ter
601 3635 795 3701 praenomen
822 3618 946 3680 tantum
969 3612 1135 3698 scripsisse
1156 3624 1251 3680 nemo

19 3820 21 3861 ,
186 3789 210 3851 1)
227 3783 328 3851 Zumpt
343 3782 361 3836 l.
380 3783 397 3836 1.
467 3784 493 3848 2)
510 3781 544 3836 R.
563 3781 596 3836 6.
613 3781 650 3847 11,
670 3786 710 3836 13.
779 3786 806 3845 3)
823 3781 863 3836 Ib.
882 3797 910 3849 p.
926 3787 965 3834 11.
1033 3785 1060 3845 4)
1078 3778 1143 3848 Cap.
1157 3783 1190 3834 66
1208 3794 1249 3847 sq.

101 3870 124 3933 5)
147 3867 290 3922 Drumann
315 3867 362 3931 IV,
381 3884 407 3936 p.
427 3871 485 3921 361.
519 3865 665 3921 Hoffmann
688 3865 744 3919 11.
766 3882 791 3934 p.
810 3870 850 3920 41.
873 3865 989 3932 Quintus
1012 3863 1057 3917 hic
1079 3866 1140 3918 erat
1162 3878 1251 3919 annus

100 3953 170 4019 post*
183 3952 297 4022 primam
321 3951 503 4020 quaestionem
527 3954 686 4020 perpetuam
708 3950 860 4005 institutam
882 3964 970 4018 neque
997 3951 1069 4012 tum,
1098 3946 1170 4016 quod
1192 3947 1252 4016 lege

101 4033 225 4091 comete
242 4036 377 4091 sancitum
394 4038 444 4102 est,
463 4034 600 4090 usitatum.
687 4037 713 4101 6)
736 4033 777 4089 Ib.
797 4038 838 4087 16.
