2996 4784
233 314 273 377 78
554 398 559 403 ⁵
659 317 798 375 Detlevius
815 318 951 375 Wilsdori

231 494 402 577 postquam
424 489 466 555 dc
488 489 619 557 Tarenti
640 491 878 575 oppugnatione
897 512 926 558 a.
950 496 1012 557 545
1034 492 1120 558 15515
1141 491 1233 574 dixit,
1255 491 1390 575 ingenio

231 592 390 677 Scipionis
412 591 558 677 exposito
580 590 623 658 ad
645 592 838 658 narrandam
860 593 1064 675 Carthaginis
1093 614 1197 660 55555
1219 612 1387 678 expugna

231 696 350 763 tionem
372 693 516 778 pergit.¹)
561 693 672 760 Livius
694 700 817 779 autem,
840 695 902 776 ‚qui
927 715 962 763 55
983 716 1047 762 555
1068 688 1216 779 ignorare
1239 695 1387 763 511555-

231 797 337 862 nullos
364 796 454 861 illam
481 814 548 861 rem
570 795 604 862 in
624 796 806 880 proximum
827 817 944 863 annum
971 796 1099 865 differre
1108 795 1149 880 2),
1179 797 1332 878 quoniam
1354 817 1387 863 a.

227 902 293 983 543
312 897 494 981 Scipionem
513 897 617 963 Roma
637 898 814 982 proiectum
836 898 1039 982 esse'oredit,
1061 920 1126 965 non
1146 904 1253 981 potest
1274 903 1386 964 5544

213 997 456 1082 Uarthaginem
485 1003 612 1084 captum
641 1019 712 1067 esse
739 1019 803 1065 non
831 998 1065 1082 5551551553)
1108 998 1175 1066 Sed
1201 1000 1389 1082 51551555

231 1099 441 1183 reputaverit,
473 1119 556 1182 quae
578 1100 619 1165 de
641 1090 769 1168 Nerone
792 1101 948 1185 diximus,
979 1099 1097 1166 deinde
1119 1100 1247 1168 Livium
1269 1121 1297 1167 5.
1323 1105 1387 1166 546

231 1200 409 1284 Hispaniae
430 1202 551 1269 nullam
573 1203 766 1269 mentionem
790 1203 897 1269 facere
918 1201 980 1269 nisi
1001 1208 1207 1286 prorogatum
1230 1223 1302 1270 esse
1317 1203 1387 1270 Sci-

231 1301 319 1386 pioni
349 1310 382 1368 et
410 1300 519 1369 Silano
547 1303 719 1387 imperium¹
742 1304 776 1368 in
803 1304 973 1387 5555554),
1001 1309 1070 1368 tum
1098 1304 1335 1371 Hasdrubalem
1365 1325 1388 1371 a

232 1401 383 1487 Scipione
406 1403 524 1470 victum
546 1424 575 1470 5.
592 1410 664 1488 545,
688 1425 759 1472 cum
781 1405 842 1471 iter
864 1404 998 1472 celerius
1019 1423 1115 1487 quam
1130 1406 1292 1473 Hannibal
1314 1426 1385 1490 per-

231 1503 413 1590 155155515),
439 1526 502 1572 non
531 1506 673 1591 potuisse
703 1526 732 1572 a.
756 1506 885 1573 demum
915 1511 973 1570 541
1001 1506 1035 1572 15
1056 1507 1184 1573 Italiam
1205 1506 1384 1593 pervenire,

230 1612 392 1691 postremo
414 1608 580 1691 11555556)
602 1606 784 1693 Scipionem
812 1614 963 1692 quattuor
993 1627 1093 1675 55555
1115 1607 1305 1693 Hispaniam
1327 1608 1384 1674 ob-

230 1708 363 1799 tinuisse
378 1708 520 1776 tradere:
535 1729 641 1776 nonne
654 1708 826 1794 Polybium
841 1729 918 1776 vera
931 1710 1051 1776 referre
1065 1708 1259 1777 arbitretur?
1290 1708 1385 1777 Unde

230 1810 313 1877 haee
330 1810 549 1894 ,discrepantia
563 1817 634 1877 orta
652 1810 703 1894 sit,
726 1830 798 1876 oum
812 1817 945 1895 uterque
960 1811 1096 1896 scriptor
1110 1831 1151 1876 ex
1167 1811 1280 1878 eodem
1295 1811 1383 1878 fonte

230 1911 377 1978 hausisse
398 1917 535 1997 putetur,
557 1934 620 1981 non
642 1917 691 1979 est
712 1917 855 1978 nostrum
877 1911 930 1978 hic
953 1913 1157 1994 1555155551)
1200 1910 1268 1978 Sed
1288 1911 1331 1980 de
1352 1934 1382 1979 5.

232 2017 294 2078 548
316 2013 509 2080 monendum
530 2012 658 2080 videtur
678 2034 785 2081 rerum
806 2033 826 2081 5
848 2013 940 2080 Livio
963 2019 995 2081 et
1016 2016 1059 2081 ab
1082 2014 1228 2098 Appiano
1252 2016 1382 2081 collata·

229 2136 300 2181 rum
323 2123 447 2200 partem
468 2134 618 2197 magnam
639 2115 672 2180 in
694 2115 919 2183 antecedentes
941 2135 1041 2183 annos
1064 2134 1136 2182 esse
1159 2114 1380 2198 differendam,

230 2216 388 2299 siquidem
411 2214 519 2300 Scipio
542 2214 655 2282 eodem
671 2237 754 2283 anno
778 2216 920 2283 exercitu
940 2216 1177 2284 successoribus
1199 2219 1254 2283 vel
1276 2216 1381 2301 potius

318 2455 342 2516 1)
360 2448 411 2505 Oui
428 2449 527 2504 rationi
545 2449 677 2516 eosvenit,
695 2450 768 2520 quod
788 2450 941 2520 Scipionem
953 2450 1046 2519 viginti
1063 2452 1166 2520 septem
1184 2465 1270 2506 annos
1288 2454 1381 2506 natum

228 2534 334 2593 inducit
351 2539 404 2602 (10,
414 2539 439 2601 6,
452 2533 639 2601 ibt—Livius
656 2537 773 2604 (2518),
791 2535 935 2605 Appianas
953 2536 1002 2603 (Ih.
1019 2540 1069 2602 18),
1085 2535 1207 2589 Zonaras
1225 2538 1307 2601 (9,1),
1325 2535 1381 2588 Eu-

228 2620 335 2690 tropius
354 2624 389 2687 13,
402 2623 442 2685 15)
459 2618 553 2688 viginti
570 2624 700 2693 quattuor
717 2619 876 2688 habent-3
894 2619 969 2689 atqui
986 2635 1011 2675 5.
1024 2625 1083 2686 536,
1101 2635 1154 2688 quo
1167 2619 1258 2688 Scipio
1276 2625 1381 2690 patrem

167 2720 169 2723 ’
228 2705 310 2763 morti
327 2704 435 2773 eripuit,
453 2704 634 2773 septendecim
651 2718 737 2759 annos
755 2708 849 2758 natum
867 2704 952 2758 fuisse
970 2709 1079 2759 constat
1095 2704 1164 2769 (Pol.
1178 2708 1217 2771 10,
1227 2709 1252 2770 3,
1265 2708 1290 2758 4.
1314 2704 1381 2759 Ζ55.

230 2796 258 2857 8,
277 2794 308 2843 23
334 2792 428 2853 5515),
453 2803 516 2856 ergo
538 2803 593 2842 non
617 2793 680 2841 5515
704 2793 752 2842 545
776 2788 805 2841 15
826 2788 959 2858 Hispania
983 2803 1043 2843 esse
1066 2793 1164 2857 potest.
1251 2792 1276 2853 2)
1296 2792 1338 2851 21,
1357 2793 1381 2842 1.

229 2879 255 2941 3)
273 2872 353 2943 ‘quod
370 2873 435 2926 mihi
451 2873 540 2926 minus
557 2871 644 2926 simile
662 2872 719 2926 veri
735 2873 822 2927 risum
837 2878 880 2928 est
891 2888 992 2928 annum
1003 2873 1136 2940 integrum
1148 2872 1303 2940 Scipionem
1315 2872 1383 2926 nihil

227 2958 349 3030 gerundo
366 2957 395 3012 in
412 2956 545 3026 Hispania
565 2952 782 3026 consumpsisse?
806 2959 823 3013 l.
842 2959 881 3013 l..
929 2960 955 3023 4)
977 2964 1018 3024 21,
1038 2962 1078 3012 22.
1100 2958 1267 3027 Quamquam
1284 2958 1339 3012 iam
1356 2948 1381 3012 a}

228 3049 278 3099 545
296 3046 472 3111 prorogatum
488 3047 556 3109 erat,
574 3041 661 3096 donec
678 3042 797 3097 revocati
814 3043 850 3097 ab
867 3047 965 3098 senatu
981 3043 1080 3099 forent.
1100 3041 1135 3097 ef.
1149 3046 1190 3109 21,
1201 3046 1224 3095 1.
1278 3047 1305 3109 5)
1322 3041 1380 3097 1115.

229 3132 271 3192 21,
291 3131 322 3181 39
340 3125 375 3180 51.
394 3126 452 3180 Ρ51.
475 3130 515 3191 11,
535 3132 558 3179 1.
580 3126 680 3180 Mirum
699 3130 747 3191 est,
766 3126 839 3194 quod
856 3126 967 3182 Laeliam
984 3130 1048 3195 post
1065 3125 1255 3194 Carthaginem
1273 3132 1383 3196 captam

228 3217 292 3268 ante
308 3224 428 3280 pugnam
443 3202 638 3265 Baeculensem
655 3209 880 3265 deHasdrubalis
898 3210 1011 3266 consilio
1024 3210 1162 3265 Romanos
1179 3211 1234 3266 iarn
1252 3211 1382 3268 certiores

228 3297 303 3352 facit.
330 3295 389 3350 Lis.
409 3299 450 3361 21,
469 3300 492 3347 1.
512 3295 547 3350 51.
573 3296 639 3350 Ζ55.
658 3300 682 3362 9,
702 3301 725 3350 8.
743 3325 778 3334 -
794 3295 947 3350 Beckerum
965 3296 992 3361 (l.
1005 3296 1023 3349 l.
1042 3313 1069 3365 p.
1082 3300 1129 3350 142
1148 3298 1218 3365 sqq.)
1235 3303 1383 3350 55555515

228 3397 346 3452 pugnam
368 3379 442 3438 illam
463 3379 492 3433 in
514 3394 540 3434 5.
559 3385 608 3435 545
626 3394 728 3448 555555
745 3379 840 3434 (155511
856 3379 937 3434 Ρ5155
957 3380 986 3434 15
1003 3379 1101 3435 Philol.
1118 3380 1186 3445 VH,
1202 3396 1230 3448 p.
1251 3385 1309 3435 115.
1346 3379 1381 3434 cf.

228 3467 388 3531 Mommsen,
406 3464 439 3518 R.
449 3463 482 3519 G.
491 3464 513 3530 1,
527 3469 585 3520 633.
612 3462 655 3518 De
672 3464 777 3519 duabus
794 3465 892 3533 pugnis
910 3465 945 3519 ad
962 3465 1110 3521 Baeculam
1128 3464 1276 3519 commissis
1287 3463 1382 3519 Keller

228 3552 246 3606 l.
264 3551 281 3604 l.
302 3550 556 3606 contaminationem
573 3548 690 3602 duarum
705 3548 827 3603 eiusdem
844 3549 884 3604 rei
900 3549 1077 3604 traditionum
1094 3548 1197 3603 statuit.
1268 3553 1293 3615 6)
1313 3552 1337 3615 2,
1354 3555 1380 3614 6,
1480 3558 1481 3635 j

223 3639 269 3719 (39.
297 3640 393 3690 contra
409 3634 467 3688 Lir.
486 3639 533 3700 28,
555 3637 584 3688 16
602 3635 671 3688 extr.
692 3633 795 3700 ‘quinto
813 3639 905 3701 (5555)
924 3649 1003 3703 quam
1021 3664 1055 3672 -
1071 3632 1238 3703 provinciam
1255 3637 1283 3686 et
1300 3648 1380 3688 exer-

227 3721 311 3775 citum
327 3719 452 3788 acecpit?
540 3721 566 3784 1)
587 3717 788 3773 Friedersdorff
807 3718 864 3788 (qui
881 3719 1000 3786 reliquos
1017 3717 1102 3779 libros
1120 3717 1153 3772 de
1170 3717 1291 3772 fontibus
1309 3717 1380 3773 Livii
1480 3780 1481 3795 ,

228 3806 344 3874 scriptos
360 3802 456 3859 laudat
472 3803 725 3870 5.6),Κ5115511.11.
745 3803 919 3858 Communem
934 3802 1038 3858 iontem
1054 3816 1113 3856 esse
1124 3802 1170 3856 ille
1187 3801 1253 3857 dicit
1269 3801 1378 3868 librum,

227 3894 317 3945 aetate
334 3886 468 3956 Scipionis
485 3885 519 3941 de
535 3887 617 3943 rebus
633 3888 669 3943 ab
687 3903 719 3942 55
737 3888 766 3941 15
782 3887 915 3955 Hispania
936 3890 964 3941 et
979 3885 1074 3940 Africa
1090 3874 1173 3955 gestis
1190 3887 1274 3959 latine
1292 3887 1379 3956 scrip·

226 3980 297 4038 tum,
319 3973 364 4028 hic
381 3970 507 4026 Pisonem
525 3972 664 4042 aequalem
681 3971 788 4041 Polybii
804 3973 896 4040 putat,
919 3971 966 4040 qui
983 3970 1064 4025 Fabii
1079 3970 1196 4026 Pictoris
1219 3977 1247 4027 51
1270 3971 1301 4026 Ρ.
1319 3972 1378 4027 Sel·

226 4057 315 4127 pionis
333 4054 459 4111 Africani
475 4057 525 4113 filii
541 4058 626 4112 libros
645 4055 879 4126 coagmentaverit.
966 4124 969 4127 Ι
