2996 4784
428 323 493 379 fasti
510 323 701 392 Hispaniarum
718 324 923 393 provinciarum.
1193 326 1250 384 115

84 494 258 563 Sertorius
285 495 347 560 iter
375 482 521 561 celeriter
547 494 669 578 feeerit,
698 516 770 562 eam
802 496 1001 580 suppeditat,
1037 498 1123 579 quod
1152 497 1250 566 duces

84 595 236 663 Mariani
265 595 307 661 ad
337 594 487 662 Suessam
517 617 584 663 rem
613 598 697 664 male
724 598 908 680 gessissent.
940 599 1071 679 -Neque
1100 599 1135 664 id
1163 609 1250 667 recte

86 699 218 766 dixeris
241 697 365 763 Sullam
388 697 537 781 Sertorio,
568 700 596 764 si
618 719 647 764 a.
671 702 727 764 671
754 699 820 765 iam
842 700 1002 783 profectus
1024 706 1118 783 esset,
1140 701 1173 766 iu
1189 702 1250 769 ‚Hi-

85 801 213 885 spania
242 798 435 865 consistendi
464 799 650 865 facultatem
678 822 736 885 per
768 802 927 882 integrum
957 821 1075 867 annum
1103 802 1252 869 daturum

86 922 160 970 non
183 901 290 968 fuisse.
298 899 323 986 1)
366 901 404 967 ld
427 906 513 967 certe
536 922 599 967 uon
621 901 776 984 debebat,
800 903 860 969 sed
880 921 909 966 a.
934 906 995 966 672
1017 904 1124 969 neseio
1147 924 1188 969 au
1210 924 1252 970 ne
1301 942 1303 948 ·

86 1004 236 1089 potuerit
257 1002 387 1087 quidem
409 1008 540 1087 propter
560 1002 665 1067 italici
688 1004 766 1069 belli
788 1005 906 1069 molem
927 1002 1039 1069 ducem
1063 1006 1252 1072 exercitum-

89 1125 160 1187 que
181 1090 425 1189 in·Hispaniam
448 1106 584 1171 mittere.
628 1107 777 1170 Attamen
801 1126 819 1171 e
840 1094 1022 1171 narratione
1043 1106 1253 1195 Exuperautii

89 1206 259 1274 erroribus
280 1205 425 1272 deductis
449 1203 627 1289 Sallustii2)
648 1206 827 1287 fragmento
851 1207 968 1272 collato
991 1207 1194 1273 manifestum
1216 1208 1252 1273 fit
1311 1241 1316 1250 ·

91 1307 292 1391 Sertorium,
315 1313 487 1387 autequam
509 1307 543 1373 in
564 1307 762 1392 provinciam
784 1309 905 1390 abiret,
933 1307 1055 1374 Romae
1077 1329 1251 1375 commora-

89 1417 202 1477 ratum
232 1429 319 1492 esse,
349 1409 475 1492 opinor,
500 1416 539 1477 ut
567 1410 671 1476 socios
701 1414 733 1475 et
755 1429 832 1494 opes
854 1414 997 1494 cogeret,
1027 1417 1059 1476 et
1080 1430 1137 1494 per
1158 1411 1251 1478 Etru·

90 1501 178 1578 riam
206 1512 267 1578 iter
299 1510 423 1576 fecisse.
475 1499 560 1577 Noui
593 1510 752 1593 consules,
788 1511 843 1592 qui
870 1510 998 1577 interim
1028 1511 1251 1593 magistratum

90 1614 249 1697 inierant,
280 1613 431 1694 quoniam
453 1610 533 1677 vitia
555 1632 663 1677 eorum
685 1612 880 1698 castigabat,
906 1611 1042 1679 libenter
1064 1633 1137 1680 eum
1158 1613 1249 1685 deee-

92 1717 174 1782 dere
197 1714 285 1798 passi
306 1718 388 1779 suut.

182 1817 219 1881 Iu
242 1816 326 1881 Livii
348 1815 487 1899 epitome
498 1814 524 1894 3)
547 1815 699 1899 scriptum
721 1815 1032 1897 legiturSertorium
1048 1814 1172 1897 ‘octavo
1194 1816 1250 1881 du·

94 1924 188 1984 catus
210 1917 259 1983 sui
282 1919 374 1983 auno'
396 1916 614 1999 interfectum,
645 1916 763 1981 bellum
786 1917 964 1982 confectum
986 1937 1056 1983 esse
1075 1904 1161 1983 'anno
1184 1918 1251 1984 fere

7 2064 8 2067 κ
96 2018 231 2084 decimo.
277 2020 327 2085 De
350 2017 484 2084 Sertorii
511 2024 613 2083 morte
642 2016 729 2083 idem
754 2017 853 2083 tradit
874 2016 1086 2101 Eutropius.⁴)
1129 2018 1251 2096 Quodsi

96 2120 320 2204 proconsules,
343 2120 398 2200 qui
420 2120 540 2185 bellum
563 2116 778 2184 Sertorianum
804 2120 1024 2199 confecerunt,
1055 2139 1086 2184 a.
1109 2121 1197 2201 683„
1217 2117 1252 2183 id

96 2220 185 2302 quod
206 2226 318 2305 postea
339 2221 525 2305 apparebit,
548 2219 724 2303 redieruut,
754 2220 879 2286 initium
904 2221 980 2286 belli
1002 2219 1177 2286 secundum
1199 2221 1250 2285 Li·
1319 2296 1324 2300 ᾗ

96 2323 185 2388 vium
208 2322 294 2388 cadit
315 2323 349 2387 in
371 2342 488 2388 annum
511 2328 583 2404 674,
605 2323 639 2387 in
661 2343 733 2388 eum
755 2322 917 2404 videlicet,
944 2341 1006 2403 quo
1029 2321 1187 2388 Sertorius
1210 2342 1251 2388 ex

96 2423 208 2490 Africa
235 2424 375 2489 redierat
404 2430 436 2490 et
459 2424 680 2489 Lusitanorum
707 2423 857 2507 princeps
885 2423 988 2490 faetus
1016 2430 1079 2505 est;
1111 2429 1251 2490 mortuus

97 2529 205 2591 autem
236 2531 284 2590 est
312 2545 341 2590 a.
365 2528 436 2591 681.
481 2526 594 2606 ltaque
621 2545 679 2608 per
707 2543 807 2589 anuos
837 2527 899 2587 674
928 2523 970 2589 ad
993 2527 1055 2588 681
1077 2525 1251 2607 pleraeque

7 2650 8 2659 ¹
98 2646 149 2692 res
171 2648 192 2693 a
212 2645 318 2690 rerum
340 2626 547 2710 scriptoribus
569 2624 708 2691 traditae
730 2625 817 2691 haud
839 2626 908 2691 sine
930 2625 1056 2706 magnis
1079 2624 1249 2691 dissensio-

97 2729 191 2794 nibus
221 2726 439 2812 disponendae
469 2734 551 2795 suut.
597 2727 740 2793 Sallustii
769 2726 956 2809 fragmentis
985 2727 1067 2793 bene
1097 2725 1250 2793 adhibitis

7 2832 9 2899 l
98 2831 302 2895 Dmmannus
330 2848 434 2895 rerum
463 2829 607 2896 ordinem
637 2846 786 2908 magnam
813 2834 939 2912 partem
961 2834 1046 2893 recte
1073 2828 1250 2894 constituit:

7 2922 8 2961 l
99 2951 181 3014 quae
203 2929 403 2997 emendanda
425 2930 563 3014 reliquit,
587 2932 675 2997 velut
696 2950 812 2994 nomen
834 2930 913 3013 eius,
936 2927 990 3013 qui
1008 2949 1037 2994 a.
1054 2932 1116 2992 674
1135 2928 1248 3013 Hispa-

99 3034 172 3099 niae
194 3031 336 3098 ulteriori
357 3031 505 3116 praefuit,
528 3032 581 3098 vel
604 3050 666 3113 quo
689 3049 771 3096 auno
786 3030 920 3114 Pompei
935 3031 1062 3097 litterae
1076 3029 1251 3097 memoriae

100 3140 308 3202 conservatae
330 3133 372 3199 ad
394 3140 538 3200 senatum
561 3132 679 3198 missae
700 3132 772 3214 siut,
795 3151 834 3197 ac
856 3131 978 3212 siquid
999 3137 1109 3214 restat,
1131 3132 1250 3198 talibus

101 3237 134 3302 iu
154 3237 250 3302 rebus
271 3237 486 3301 Mommsenus
508 3234 627 3318 aliique
649 3240 723 3299 sunt
745 3232 906 3300 audiendi.

186 3474 210 3536 l)
227 3470 369 3524 Drumann
384 3470 401 3522 l.
419 3481 437 3521 1.
507 3472 533 3530 2)
555 3472 577 3532 l,
596 3471 628 3520 58
647 3466 680 3519 D.
698 3467 757 3521 ‘Cui
774 3469 827 3522 uisi
843 3469 946 3536 pariter
964 3468 1070 3522 obviam
1087 3467 1187 3522 iretur'.
1223 3469 1248 3522 E

103 3555 228 3610 Sallustio
252 3555 323 3608 enim
346 3553 470 3608 hausisse
493 3552 600 3606 ridetur
620 3552 825 3621 Exuperantius
853 3553 932 3606 haee:
960 3555 1033 3605 ‘tuno
1057 3551 1194 3606 Sertorius
1216 3552 1250 3607 de

102 3639 180 3694 Marii
200 3642 338 3707 potestate
359 3653 473 3692 securus
490 3637 605 3692 Romam
627 3636 702 3690 venit
723 3643 750 3691 et
768 3637 885 3691 omnium
905 3636 995 3704 coepit
1012 3651 1142 3691 accusare
1160 3637 1248 3705 segni-

102 3708 162 3780 tiem
179 3729 208 3779 et
226 3739 260 3778 ex
277 3723 369 3776 multis
385 3721 594 3790 promptissimis
611 3721 692 3775 factis
706 3721 796 3775 Sullae
807 3721 967 3775 iudustriam
979 3721 1107 3775 laudare?
1161 3725 1187 3785 3)
1207 3725 1248 3775 96.
1330 3746 1332 3753 ¹

103 3815 130 3874 4)
145 3814 168 3876 t,
188 3814 210 3861 1.
228 3807 341 3861 Temere
357 3806 410 3859 iste
428 3806 550 3874 quidem,
574 3805 692 3859 fortasse
709 3805 934 3860 Sallustianarum
951 3804 1125 3859 historiarum
1142 3804 1249 3858 initium
1305 3833 1307 3837 ·

103 3894 169 3948 falso
186 3892 391 3961 interpretatus,
409 3890 445 3943 M.
463 3890 579 3945 Aemilio
597 3888 700 3958 Lepido
719 3890 748 3958 Q.
768 3889 864 3944 Catulo
886 3889 1042 3943 oonsulibus
1061 3889 1160 3949 etalia
1177 3888 1249 3942 bella

84 3982 131 4033 -et
146 3978 331 4032 Sertorianum
349 3975 482 4029 exarsisse
500 3975 580 4040 dicit,
605 3991 665 4029 cum
689 3974 773 4028 nihilo
791 3974 879 4027 minus
897 3973 1045 4028 Sertorium
1062 3978 1157 4029 oetam
1176 3987 1248 4027 anno

103 4061 271 4116 interfectum
288 4076 348 4116 esse
365 4059 435 4112 iufra
452 4063 575 4114 testetur.

1013 4144 1044 4197 8*
