2996 4784
675 328 814 385 Detlerius
832 328 967 384 Wilsdorf

398 498 542 585 ἀγαπᾶν,
572 495 612 566 du
640 499 701 586 τὴν
724 497 864 585 ἡσυχίαν
883 496 1073 577 ἀκινδύνως
1095 496 1170 586 ἄγῃ.
1215 502 1255 567 ef.
1278 501 1405 569 Metell.

398 625 449 689 ap.
473 604 538 670 Cic.
561 605 636 669 lam.
661 610 690 686 5,
714 607 742 669 3:

398 706 486 771 Asin.
510 705 590 771 Poll.
614 705 702 789 apud
718 705 782 794 Cic.
797 705 873 770 fam.
893 711 941 789 10,
957 709 1007 788 32,
1023 708 1052 769 2.
1076 701 1212 787 (Balbus
1234 706 1407 788 quaestor)

398 806 510 873 exules
540 805 668 872 reduxit
695 825 759 871 non
789 806 901 872 horum
934 810 1111 891 temporum
1145 806 1203 890 (sc.
1235 805 1312 890 711)
1343 808 1406 875 sed

398 909 534 990 illorum,
558 908 672 992 quibus
695 927 715 972 a
737 908 898 974 seditiosis
919 913 1049 975 senatus
1066 909 1242 975 trucidatus
1264 916 1323 976 aut
1347 929 1404 975 ex·

397 1010 509 1095 pulsus
531 1015 580 1096 est
606 1010 681 1076 Sex,
699 1010 784 1075 Varo
806 1030 928 1094 procos.
955 1011 994 1075 cf.
1016 1030 1047 1094 p.
1063 1008 1129 1076 red.
1152 1009 1186 1075 in
1208 1029 1274 1078 sen.
1299 1015 1332 1094 0,
1353 1015 1406 1076 23.

331 1113 494 1178 Metellum
516 1113 674 1197 Nepotem
702 1130 766 1176 non
792 1111 881 1196 prius
906 1129 1004 1193 quam
1027 1131 1139 1178 versus
1160 1111 1256 1177 finem
1279 1113 1406 1178 mensis

245 1214 365 1299 Aprilis
387 1214 419 1279 in
442 1213 639 1298 provinciam
661 1214 828 1298 pervenire
850 1212 992 1298 potuisse
1013 1213 1089 1279 iude
1110 1214 1290 1298 intellegas,
1316 1215 1405 1296 quod

246 1307 421 1385 conventus
448 1315 535 1380 illius
562 1314 715 1381 Lucensis
742 1314 903 1399 particeps
932 1314 1040 1398 erat.¹)
1084 1315 1147 1394 Qui
1175 1315 1249 1381 dum
1279 1317 1316 1381 in
1347 1317 1403 1382 Hi-

246 1417 359 1504 spania
388 1417 532 1484 citeriore
562 1416 649 1482 haud
677 1418 723 1482 ita
750 1435 902 1501 prospere
931 1417 1051 1483 bellum
1077 1418 1175 1499 gerit,
1204 1418 1239 1482 Ρ.
1264 1417 1403 1484 Crassus

246 1519 393 1587 Caesaris
422 1519 547 1601 legatus
575 1518 609 1585 in
631 1519 804 1601 Aquitania
826 1538 898 1584 cum
919 1518 1080 1584 veteribus
1103 1518 1295 1585 Sertorianis
1318 1520 1402 1586 mili-

182 1642 184 1649 ’
245 1623 331 1688 tibus
359 1618 555 1705 pugnavitl)
599 1620 636 1685 A.
660 1623 722 1684 008
752 1627 825 1685 ante
854 1619 984 1687 comitia
1013 1621 1192 1709 consularia
1214 1621 1402 1705 provinciae

245 1725 430 1791 consulares
444 1723 477 1787 in
493 1740 609 1787 annum
627 1725 688 1785 700
703 1719 910 1802 designantur
921 1725 955 1803 3),
968 1741 1057 1804 quas,
1074 1742 1144 1788 oum
1160 1722 1245 1788 aliae
1259 1722 1401 1789 idoneae

244 1846 308 1892 non
330 1824 456 1906 i'uerint,
478 1822 667 1907 Hispaniam
688 1822 870 1888 ulteriorem
894 1828 928 1888 et
942 1821 1069 1907 Syriam
1090 1824 1187 1891 fuisse
1202 1823 1401 1909 Zumptiusl)

147 1934 151 1946 “
245 1928 343 1993 habet
379 1945 435 2009 pro
473 1930 568 1991 certo.
620 1923 782 1990 Citerioris
807 1923 984 2006 Hispaniae
1016 1925 1171 1992 rationem
1199 1925 1315 1992 haberi
1346 1945 1399 2009 po-

244 2029 343 2095 tuisse
372 2033 483 2110 negat,
515 2026 591 2109 quia
616 2027 653 2106 Q.
678 2025 835 2093 Caecilius
863 2026 1013 2093 Metellus
1041 2026 1170 2092 maioris
1198 2028 1401 2094 auctoritatis

244 2131 294 2196 vir
314 2129 418 2212 fuerit,
441 2148 537 2212 quam
560 2128 611 2194 eui
634 2146 850 2193 successorem
865 2133 931 2223 tam
947 2128 1009 2194 cito
1026 2128 1201 2211 mitterent,
1230 2148 1294 2210 qua
1310 2129 1399 2214 igno

245 2232 343 2297 minia
357 2232 432 2296 Piso
448 2226 656 2295 Macedoniae
678 2229 847 2314 proconsul
869 2236 936 2296 tum
957 2229 1092 2295 affectus
1109 2234 1196 2308 est.⁵)
1224 2231 1400 2316 Pompeius

245 2335 354 2400 consul
378 2351 449 2396 cum
472 2350 581 2396 mense
602 2330 667 2393 iam
682 2330 786 2414 Aprili
804 2336 941 2397 exeunte
952 2331 978 2415 6)
995 2329 1122 2414 Syriam
1137 2332 1304 2398 ambitioni
1322 2352 1399 2399 suae

244 2434 480 2501 satisfacturam
501 2452 565 2496 non
587 2451 658 2496 esse
680 2452 759 2515 prae
781 2452 817 2497 se
840 2433 981 2517 tulisset,
1012 2433 1134 2516 effecit,
1164 2439 1198 2498 ut
1224 2435 1297 2516 lege
1322 2435 1399 2500 'Pre-

245 2535 341 2603 bonia
363 2541 498 2616 utraque
520 2533 678 2619 Hispania
699 2533 761 2599 sibi
785 2534 1042 2601 committeretur.
1079 2535 1227 2614 Quod-
1247 2536 1294 2601 sic
1313 2536 1399 2602 enim

244 2641 482 2722 argumentatur
510 2635 676 2719 Zumptius
707 2670 744 2679 —
775 2620 978 2717 nequaquam
1005 2636 1068 2702 sibi
1096 2636 1300 2720 sumpsisset,
1339 2634 1399 2702 nisi

243 2741 374 2821 interea,
397 2739 533 2803 fortasse
555 2755 664 2803 mense
679 2737 774 2819 Maio,
797 2738 961 2804 Metellum
977 2740 1135 2820 Nepotem
1150 2742 1398 2806 mortuum'esse

243 2841 378 2906 Romam
407 2837 586 2903 nuntiatum
613 2844 706 2905 esset.
758 2837 848 2916 Quae
883 2825 1061 2921 conclusio,
1098 2859 1169 2904 cum
1198 2839 1398 2923 proconsulis

244 2943 367 3008 nullam
394 2937 481 3025 apud
504 2961 614 3006 rerum
642 2940 814 3024 scriptores
838 2941 1033 3008 mentionem
1055 2946 1169 3025 postea
1190 2941 1397 3024 reperiamus,

243 3051 330 3110 recte
351 3044 439 3110 iacta
460 3060 530 3107 0000
547 3041 718 3125 videretur,
741 3042 803 3107 nisi
818 3042 880 3108 hoc
894 3063 990 3109 unum
1007 3044 1158 3123 obstaret,
1182 3041 1269 3123 quod
1285 3043 1397 3127 Nepos

244 3165 285 3211 ex
315 3164 431 3210 novem
457 3143 522 3208 illis
550 3144 784 3224 consularibus,
813 3143 868 3224 qui
898 3164 926 3208 a.
951 3146 1011 3207 700
1035 3144 1190 3210 Scaurum
1212 3151 1397 3209 accusatum

244 3244 435 3327 laudabant,
464 3263 545 3309 unus
572 3244 671 3311 fuisse
700 3242 855 3326 diciturl)
899 3243 1041 3335 Etenim,
1071 3245 1146 3312 licet
1171 3245 1300 3311 tabellis
1324 3265 1396 3311 eum
1481 3302 1482 3331 ,

243 3346 393 3414 laudasse
417 3344 545 3429 credas,
568 3365 630 3427 quo
653 3346 784 3412 tandem
806 3352 949 3430 tempore
972 3344 1007 3411 id
1030 3366 1103 3413 eum
1124 3346 1239 3412 fecisse
1261 3338 1396 3412 arbitra?

243 3449 337 3514 mur?
374 3447 512 3514 Nullone
534 3448 633 3513 verbo
649 3447 834 3514 Ciceronem
856 3446 972 3512 mortui
994 3447 1055 3513 viri
1078 3446 1295 3527 testimonium
1317 3465 1395 3532 prae

244 3550 358 3616 ceteris
386 3548 588 3614 ostentasse?
639 3549 711 3614 Non
739 3567 870 3634 possum
898 3547 1032 3631 adduci,
1062 3553 1097 3615 ut
1127 3547 1265 3615 credam.
1311 3545 1394 3627 Quid

242 3650 340 3735 igitur
361 3647 555 3716 censendum
576 3648 726 3716 videtur?
770 3649 843 3715 Non
871 3656 1003 3715 mortem
1027 3651 1161 3735 Nepotis
1184 3656 1393 3733 opportunam
1481 3690 1482 3703 ,

284 3886 292 3893 ἢ
331 3820 355 3879 1)
373 3812 445 3868 Plut.
465 3813 553 3870 Crass.
574 3820 613 3869 14.
641 3817 736 3884 Pomp.
755 3820 796 3868 51.
824 3816 958 3870 000021.
985 3816 1176 3885 App.b.c.2,
1197 3822 1237 3870 17.
1309 3812 1392 3880 2101.

243 3917 269 3969 p.
290 3903 336 3953 121
357 3896 420 3952 adn.
440 3903 463 3954 8.
534 3905 559 3966 3)
583 3900 639 3955 Cic.
658 3899 683 3954 d.
701 3915 792 3968 provv.
812 3915 881 3955 coss.
949 3902 977 3964 4)
1000 3900 1018 3953 l.
1036 3900 1052 3953 l.
1071 3916 1098 3969 p.
1118 3906 1158 3955 11.
1194 3901 1229 3955 cl.
1249 3901 1342 3968 Lange
1359 3896 1391 3950 R.

243 3985 276 4038 A.
294 3983 342 4049 111,
361 3987 420 4038 322.
440 3987 497 4039 828.
579 3988 605 4049 5)
629 3984 685 4041 Cic.
702 3983 757 4037 Pis.
777 3988 818 4050 36,
837 3987 878 4038 88.
914 3986 1013 4038 Ascon.
1030 3984 1059 4037 in
1077 3985 1130 4039 Pis.
1149 3984 1206 4038 init.
1285 3989 1312 4050 6)
1334 3981 1389 4038 cie

244 4072 299 4122 Att.
318 4074 343 4135 4,
361 4071 386 4134 0,
406 4074 428 4123 1.
499 4073 525 4134 7)
542 4069 641 4123 Ascon.
660 4069 688 4122 in
706 4067 799 4122 Scaur.
819 4072 835 4135 p·
854 4073 895 4123 40.
1481 4076 1482 4091 ²
