2996 4784
251 325 292 386 96
456 384 462 392 ,
693 327 830 382 Detlerius
849 327 983 383 Wilsdort

251 500 462 586 persequitur,
485 500 646 567 citerioris-
661 506 842 584 praetorem
864 499 1043 566 immiscere
1058 499 1184 565 videtur
1199 501 1286 568 nullo
1308 505 1423 571 verbo

250 603 443 668 distinctum.
478 601 596 668 Contra
618 620 681 667 non
703 602 843 668 alienum
867 602 907 667 ab
926 602 1066 685 Appiani
1087 602 1291 669 festinatione
1319 605 1420 672 vide·

249 710 315 788 tur,
345 705 374 770 si
402 703 535 769 duorum
564 721 717 768 annorum
748 722 799 769 res
821 722 883 769 uno
906 703 1069 768 enuntiato
1093 705 1276 771 coniunctas
1300 706 1351 771 ab
1378 727 1420 772 eo

249 825 321 873 esse
341 806 518 871 statuimus.
525 803 549 887 1)
572 804 721 886 Accedit,
745 803 830 885 quod
845 804 879 868 in
893 802 977 870 Livii
993 804 1132 888 epitome
1148 805 1277 875 dicitur:
1302 806 1418 893 ‘prae-

249 912 338 974 terea
366 927 417 973 res
444 907 477 972 in
500 906 656 992 Hispania
684 927 704 970 a
733 906 948 989 compluribus
976 926 1088 990 parum
1116 928 1267 992 prospere
1292 918 1417 991 gestas

249 1009 408 1093 continct'3
433 1008 549 1074 deinde
572 1013 691 1075 motum
707 1006 1123 1092 Hispaniensem'effecisse‚
1146 1016 1180 1074 ut
1195 1000 1415 1094 magistratus

248 1110 323 1178 inde
346 1112 388 1178 ab
410 1132 439 1178 a.
456 1115 515 1174 601
541 1108 697 1175 Kalendis
719 1109 875 1174 Ianuariis
896 1108 1059 1192 inirentur,
1082 1114 1304 1195 comperimus.
1345 1118 1414 1182 Ita·

249 1232 311 1295 que
332 1214 398 1279 iam
419 1216 494 1278 ante
508 1231 627 1277 annum
643 1214 704 1274 600
720 1212 804 1275 male
818 1217 994 1296 pugnatum
1009 1216 1087 1287 erat,
1111 1213 1197 1294 quod
1212 1212 1414 1299 Obsequens
1478 1274 1479 1279 ,

248 1321 392 1381 testatur.
431 1312 536 1391 Quare
559 1319 590 1378 et
611 1311 776 1378 Manilium
798 1311 866 1395 (cos
889 1311 965 1394 605)
988 1317 1020 1379 et
1038 1314 1186 1379 Pisonem
1208 1314 1276 1395 (cos
1301 1320 1413 1403 6062)

248 1415 391 1482 ulteriori
420 1412 595 1497 Hispaniae
623 1414 814 1498 praefuisse,
845 1414 981 1480 alterum
1008 1435 1038 1480 a.
1065 1418 1142 1498 500,
1173 1417 1311 1485 alterum
1344 1426 1410 1487 600
1478 1444 1479 1461 ¹

246 1536 433 1601 persuasum
456 1516 570 1581 habeo.

249 1621 321 1684 601.
343 1619 382 1698 Q.
404 1619 537 1683 Fulvius
560 1618 705 1683 Nobilior
726 1638 790 1684 cos.

342 1721 378 1785 L.
401 1720 571 1785 Mummius
592 1725 692 1802 praet.

399 1824 482 1905 App.
505 1820 552 1886 Ib
578 1825 625 1885 44.
656 1818 747 1885 ’ἐτεσι
777 1817 810 1883 d
839 1841 877 1881 oo
908 1815 1097 1895 noulorg“
1078 1842 1218 1902 υστερον
1248 1821 1407 1906 πόλεμος

399 1918 498 1999 ἄλλος
521 1919 651 2008 ἠγέρθη
676 1923 756 2005 περὶ
777 1916 919 2007 Ἰβηρίαν
941 1956 984 1966 -
1006 1957 1046 1966 -
1068 1920 1112 1987 ib.
1136 1927 1186 1987 45.
1212 1925 1405 2013 στρατηγὸς

399 2048 457 2088 ουν
487 2021 546 2090 ἐπ
571 2020 693 2100 αὐτοὺς
717 2023 899 2106 Νωβελὶων
929 2020 1140 2104 ἐπέμπετο)
1141 2022 1214 2088 rauci
1237 2035 1404 2109 στρατιᾶς

399 2122 437 2190 οὐ
469 2125 554 2190 πολὺ
583 2131 790 2208 τρισμυρίων
812 2122 943 2206 ἀνδρῶν
967 2121 1256 2210 cirrodcov'oncae-
1278 2128 1325 2194 ib
1351 2134 1402 2195 56.

399 2214 498 2302 οὗτος
529 2221 546 2288 ὁ
577 2230 749 2308 Καίσαρος
777 2231 960 2350 Moopptnr
984 2224 1069 2305 uerri
1101 2248 1263 2309 σνρατιας
1294 2226 1426 2318 dltpc

398 2324 632 2393 ἐπελθόντι
613 2326 682 2391 απὸ
706 2325 824 2408 Ριύμης
854 2326 925 2406 ἐς)
913 2324 1020 2411 μάχην
1045 2333 1233 2414 συνηνέχθη
1259 2328 1363 2397 κινὶί
1343 2357 1402 2420 ην-

396 2426 546 2509 τώμενος
569 2427 701 2526 ἐφυνιν.
744 2429 782 2496 cf.
805 2430 867 2495 Εο0
854 2435 891 2496 tr.
917 2435 945 2511 4,
969 2432 998 2494 9.
1041 2429 1136 2496 Diod.
1161 2434 1211 2514 31,
1235 2436 1276 2495 42
1298 2433 1400 2501 Dind.

329 2532 380 2597 De
408 2531 446 2610 Q.
476 2531 591 2599 Fulvio
619 2532 785 2598 Nobiliore
814 2533 944 2597 consule
971 2551 1067 2616 supra
1093 2531 1158 2597 iam
1188 2530 1309 2601 dictum
1341 2543 1400 2618 est,

245 2651 340 2713 quem
361 2639 435 2717 post
456 2634 643 2700 Mummium
664 2639 843 2718 praetorem
866 2634 899 2698 in
921 2632 1110 2715 Hispaniam
1133 2637 1320 2718 pervenisse
1345 2657 1399 2704 ne·

245 2751 306 2815 que
336 2733 568 2818 Mommsen02)
596 2754 699 2818 neque
729 2733 887 2816 100ςί03)
915 2733 1062 2798 assentiri
1092 2754 1231 2820 possum.
1282 2731 1399 2821 Neque

244 2833 328 2900 enim
350 2835 495 2900 Mummii
517 2835 626 2901 clades
642 2835 760 2919 Bellos‚
783 2841 913 2920 propter
935 2854 1014 2916 quos
1032 2838 1143 2902 consul
1158 2839 1191 2902 in
1207 2839 1396 2924 Hispaniam
1481 2858 1482 2861 ’

243 2935 358 3004 missus
381 2942 438 3019 est,
462 2934 504 3001 ad
519 2956 571 3002 res
586 2936 752 3004 novandas
766 2938 934 3022 permovit,
955 2936 1012 3003 sed
1028 2937 1128 3003 Bellis
1142 2938 1207 3004 iam
1223 2942 1397 3025 compulsis
1481 2926 1482 2953 ¹

242 3038 405 3104 Arevacos
427 3036 470 3103 ad
491 3039 645 3104 auxilium
660 3026 700 3105 iis
714 3038 922 3123 serendum.⁴¹)
953 3040 1071 3106 Consul
1090 3042 1270 3124 complures
1284 3043 1395 3109 clades
1481 3094 1482 3125 .

242 3139 374 3224 accepit,
397 3137 567 3206 Mummius
587 3142 665 3223 vitio
688 3141 805 3207 virtute
827 3140 996 3206 emendato
1018 3162 1046 3207 a.
1065 3145 1126 3205 602
1144 3141 1394 3228 triumphavit.⁵)

242 3244 314 3306 602.
337 3242 378 3306 M.
402 3241 555 3309 Claudius
577 3242 747 3308 Marcellus
770 3261 832 3309 cos.
855 3242 903 3306 III

445 3344 487 3408 M.
510 3332 628 3409 Atilius
650 3343 804 3409 Serranus
826 3348 927 3427 praet.

395 3446 477 3531 App.
499 3446 547 3511 lb.
572 3450 620 3510 48.
644 3450 703 3508 τοῦ
732 3441 767 3508 d'
791 3442 948 3521 ἐπιόντος
978 3442 1075 3522 ἔτους
1103 3446 1302 3530 Νωβελίωνι
1330 3446 1390 3529 μὲν

328 3648 353 3709 1)
372 3644 412 3699 Of.
432 3661 457 3713 p.
469 3650 510 3709 87,
528 3644 589 3699 adn.
600 3647 624 3698 2.
694 3649 720 3709 2)
736 3645 770 3699 R.
789 3645 820 3699 G.
831 3645 865 3711 11,
877 3651 900 3699 5.
970 3648 996 3711 3)
1014 3645 1047 3699 R.
1057 3646 1091 3700 A.
1101 3647 1134 3711 ΙΙ,
1146 3652 1203 3702 322.
1222 3649 1283 3702 coll.
1294 3665 1319 3718 p.
1331 3650 1389 3701 200.

197 3782 204 3791 ,
240 3734 266 3796 4)
284 3730 355 3800 App.
369 3730 410 3784 lb.
429 3734 470 3786 50.
497 3728 628 3797 Dicam,
647 3733 691 3798 42;
710 3746 824 3799 quorum
842 3730 911 3785 alter
929 3731 1006 3797 signs
1023 3730 1145 3785 Mummii
1162 3747 1211 3800 per
1227 3738 1313 3788 totum
1330 3730 1388 3786 Gel-

239 3814 365 3868 tiberiam
377 3813 537 3868 circumlata
548 3829 614 3879 esse,
633 3813 703 3869 alter
716 3815 910 3870 Lusitanorum
920 3816 1033 3870 victoria
1044 3817 1181 3870 Arevams
1193 3816 1279 3872 elatos
1290 3816 1388 3871 bellum

241 3905 336 3954 contra
353 3898 489 3978 Romanos
513 3899 664 3968 suscepisse
686 3898 777 3954 tradit.
797 3899 997 3968 —Eutropius
1020 3915 1116 3969 parum
1141 3900 1254 3968 diligens
1279 3899 1386 3955 scribit:

240 3983 405 4051 ‘Insequenti
422 3983 534 4037 annoL.
548 3984 694 4039 Mummius
711 3983 739 4037 in
757 3983 890 4052 Hispania
903 3985 1048 4053 pugnavit,
1067 4000 1128 4037 cum
1145 3985 1224 4039 modo
1243 3985 1277 4040 de
1292 3981 1387 4038 Prusia

238 4067 342 4122 Romae
360 4075 541 4124 commorante
559 4068 664 4123 dmerit.
734 4073 759 4133 5)
777 4067 849 4136 App.
868 4068 909 4122 lb.
928 4074 969 4123 57.
