2996 4784
282 321 324 381 66
717 322 857 379 Detlevins
873 323 1007 380 Wilsdori

283 494 391 562 sicui
420 502 524 562 terrae
553 494 698 561 hostibus
727 494 861 561 devictis
890 494 1023 562 consilio
1046 494 1158 563 decem
1179 498 1358 583 legatorum
1380 498 1438 563 ad-

282 595 385 663 hibito
406 597 580 682 imperator
601 617 642 662 ex
664 602 795 664 senatus
817 597 1006 663 auctoritate
1027 597 1133 682 legem
1153 603 1272 666 certam
1288 598 1356 666 sive
1375 598 1439 666 for-

282 700 404 766 mulam
425 700 586 783 imposuit,
608 698 783 766 secundnm
805 718 901 780 quam
922 699 1126 781 magistratus
1148 699 1254 777 annui,
1277 700 1332 784 qui
1353 700 1440 767 hunc

233 816 247 833 ²
284 800 508 885 sequebantur,
530 800 621 865 illam
643 799 950 883 administrabant.¹)
979 801 1070 867 Haec
1091 803 1198 867 omnia
1219 803 1252 866 in
1271 799 1384 868 Sicilia
1406 808 1441 867 et

283 901 450 986 Hispaniis
470 921 535 967 non
556 922 619 968 uno
642 921 735 985 anno,
759 902 816 968 sed
837 901 994 986 paulatim
1014 902 1210 986 factasunt,
1232 910 1354 970 utnon
1376 904 1441 969 hoc

284 1002 502 1084 quaerendum
524 1002 574 1086 sit,
598 1022 660 1086 quo
682 1003 759 1069 illae
781 1023 864 1069 anno
885 1003 1069 1088 provinciae
1087 1004 1202 1087 factae,
1224 1003 1283 1071 sed
1297 1023 1440 1086 quonam

283 1111 427 1190 tempore
455 1123 475 1169 a
502 1104 656 1171 Romanis
684 1107 861 1188 occupatae
887 1104 952 1171 sint
980 1113 1013 1172 et
1041 1106 1200 1191 quomodo
1228 1105 1440 1191 pedetemtim

239 1270 241 1274 .
284 1227 356 1274 eam
377 1206 514 1272 formam
535 1205 730 1292 acceperint,
758 1209 795 1270 ut
818 1205 1003 1290 prouinciae
1025 1208 1188 1274 Romanae
1210 1206 1275 1274 dici
1296 1213 1439 1291 possent.

282 1307 414 1374 Siciliae
444 1305 573 1390 quidem
600 1313 726 1391 partem
757 1312 881 1374 constat
909 1327 938 1373 a.
962 1312 1024 1401 543
1054 1310 1248 1375 aRomanis
1271 1328 1343 1376 esse
1363 1309 1438 1376 sub-

281 1411 415 1492 iectam,
445 1427 542 1490 quam
572 1427 673 1490 usque
703 1408 746 1475 ad
767 1429 886 1475 annum
909 1406 1005 1493 527²)
1027 1429 1085 1495 per
1107 1416 1325 1494 quaestorem,
1354 1409 1386 1476 h.
1411 1430 1439 1476 e.

283 1512 448 1578 consulum
459 1510 619 1595 auspiciis,
635 1510 891 1577 administratam
906 1504 977 1578 esse
991 1511 1060 1578 veri
1070 1510 1176 1578 simile
1192 1520 1250 1580 est.
1274 1512 1343 1591 Quo
1359 1519 1439 1578 tem·

282 1613 370 1698 poris
392 1612 497 1697 spatio
519 1612 595 1694 quin
617 1619 650 1678 et
670 1616 788 1678 terram
805 1610 922 1697 finibus
937 1611 1034 1678 certis
1052 1612 1278 1697 descripserint
1293 1621 1325 1681 44
1340 1615 1438 1679 vecti-

281 1716 370 1799 galia
391 1714 601 1799 imposuerint
622 1712 752 1794 aliaque
772 1711 929 1778 eiusmodi
953 1712 1163 1796 instituerint,
1190 1715 1310 1782 nemini
1331 1721 1440 1797 potest

283 1836 355 1883 esse
376 1815 519 1882 dubium.
557 1815 641 1879 Tum
663 1812 791 1880 demum
814 1812 964 1879 Sardinia
978 1833 1050 1878 cum
1066 1814 1196 1881 Corsica
1217 1838 1247 1883 a.
1263 1822 1325 1881 516
1345 1836 1437 1883 occu-

283 1925 360 2002 pata
382 1921 414 1984 et
435 1915 533 2001 paulo
555 1920 628 1999 post
649 1914 830 1999 perdomita
843 1914 970 1998 utrique
983 1916 1169 1999 provinciae
1184 1917 1326 2000 singulos
1344 1938 1436 2003 prae-

279 2026 369 2086 tores
390 2018 621 2102 praefecerunt.
666 2014 867 2098 Quamquam
889 2023 1019 2083 netum
1046 2017 1175 2098 quidem
1204 2016 1334 2086 Siciliae
1363 2039 1438 2087 con-

205 2170 208 2174 .
282 2120 367 2187 dicio
400 2119 474 2187 talis
503 2125 581 2201 erat,
606 2118 733 2200 qualem
756 2119 868 2184 Cicero
890 2119 1030 2184 Verrinis
1052 2119 1250 2186 orationibus
1272 2122 1439 2204 exposuit:

285 2223 369 2289 bello
392 2221 478 2287 enim
498 2219 619 2288 Punico
642 2218 783 2286 secundo
806 2238 878 2285 oum
900 2239 1032 2302 remum
1054 2219 1291 2305 Syracusanum
1313 2239 1334 2284 a
1353 2221 1439 2288 Mar·

283 2323 365 2390 cello
387 2320 548 2388 adiectum
570 2327 665 2406 esset,
688 2320 848 2386 Laevinus
870 2342 898 2387 a.
916 2327 978 2385 544
995 2325 1096 2387 totam
1112 2323 1250 2388 insulam
1265 2322 1404 2407 pacavit.
1411 2322 1438 2407 ³)

282 2426 401 2492 Iterum
422 2429 497 2508 post
518 2422 639 2488 bellum
661 2422 777 2490 servile
799 2443 829 2488 a.
845 2427 907 2487 622
930 2442 981 2489 444
1003 2424 1074 2489 4Ρ.
1089 2422 1217 2508 Rupilio
1239 2424 1438 2507 compositae

283 2532 357 2594 sunt
384 2530 482 2607 atque
502 2524 579 2591 inde
606 2525 649 2590 ab
677 2524 733 2591 illo
760 2546 843 2592 anno
866 2544 967 2610 usque
993 2522 1036 2590 ad
1058 2525 1220 2592 Ciceronis
1242 2531 1382 2592 aetatem
1404 2527 1439 2591 in

283 2628 397 2695 eodem
419 2631 505 2694 statu
527 2625 676 2693 videntur
696 2624 950 2709 permansisse.⁴)

280 2757 284 2769 «
316 2760 319 2767 ’
374 2728 545 2795 Simillima
574 2734 623 2794 est
651 2726 879 2809 Hispaniarum
907 2723 1140 2810 provinciarum
1169 2722 1323 2790 condicio.
1376 2727 1437 2793 Hic
1489 2718 1490 2747 ¹

283 2828 585 2912 quoqueRcmanis
606 2827 642 2893 id
663 2827 800 2911 primum
822 2825 983 2909 agendum
1004 2830 1082 2907 erat,
1105 2830 1139 2890 ut
1154 2824 1437 2910 Carthaginienses

282 2931 497 3017 depellerent,
527 2928 627 3011 quod,
656 2932 729 2994 cum
750 2928 816 2993 iam
837 2928 870 2992 in
892 2947 931 2993 eo
953 2933 1054 3010 esset,
1078 2933 1114 2993 ut
1134 2927 1302 3012 Scipiones
1322 2928 1436 2996 iratres

282 3053 311 3098 a
342 3037 403 3097 542
438 3029 483 3114 (2)
512 3030 717 3116 perficerent,
750 3030 915 3116 inopinata
941 3028 999 3095 illa
1027 3027 1120 3095 clade
1148 3029 1256 3095 omnia
1283 3030 1435 3096 Romanis

282 3132 415 3217 periisse
445 3131 654 3216 videbantur,
685 3131 787 3197 donec
814 3132 850 3196 P.
880 3130 1046 3196 Oomelius
1075 3130 1199 3215 Scipio,
1234 3130 1289 3212 qui
1321 3138 1436 3215 postca

281 3234 449 3299 Africanus
486 3233 668 3317 appellatus
698 3218 762 3317 est,
799 3231 1115 3315 Carthaginiensibus
1146 3233 1288 3317 expulsis
1318 3240 1435 3301 terram

281 3335 433 3401 Romanis
448 3341 655 3418 expugnaret.
684 3335 747 3415 Qui
770 3352 965 3417 quamquam
985 3332 1199 3418 perdomitam
1220 3340 1316 3416 atque
1338 3335 1434 3419 plane

282 3436 491 3521 compositam
513 3436 711 3521 provinciam
733 3435 968 3503 successoribus
989 3457 1054 3502 non
1075 3435 1213 3519 reliquit,
1236 3441 1345 3502 444444
1364 3454 1434 3502 eam

282 3537 526 3604 administrandi
541 3538 696 3607 rationem
711 3537 884 3621 incohavit,
907 3556 1004 3619 quam
1020 3538 1156 3605 Romani
1172 3558 1202 3603 a.
1218 3541 1278 3602 557
1294 3536 1434 3619 perfece-

281 3644 364 3705 runt.
394 3638 523 3705 Foedus
541 3640 626 3707 enim
641 3660 713 3707 cum
728 3640 898 3708 Gaditanis
911 3639 1009 3704 ictum
1032 3638 1125 3724 est5),
1147 3638 1261 3705 Italica
1282 3637 1434 3723 oppidum

370 3810 394 3870 t)
412 3805 574 3875 Marquardt
590 3806 609 3860 l.
625 3807 643 3862 1.
656 3824 683 3876 p.
693 3811 751 3861 344.
822 3809 848 3872 2)
866 3805 907 3860 cf.
921 3807 1082 3872 Mommsen,
1101 3807 1216 3863 Staatsr.
1232 3805 1268 3873 ll,
1288 3806 1324 3870 1²,
1342 3804 1433 3873 Leipz-

284 3893 359 3957 1877,
377 3907 404 3960 p.
416 3894 465 3945 189
483 3906 521 3960 sq.
557 3890 726 3959 Murquardt,
745 3891 917 3946 Staatsverw.
936 3891 958 3959 I,
976 3908 1003 3960 p.
1023 3896 1081 3947 339.
1151 3896 1178 3958 3)
1194 3891 1306 3956 Liras,
1324 3892 1433 3943 23-31.

282 3978 324 4041 26,
342 3980 383 4029 44.
470 3977 496 4040 4)
514 3975 569 4031 Cic.
587 3975 664 4030 Verr.
682 3989 774 4031 accus.
793 3979 818 4040 2,
840 3980 878 4041 46,
896 3980 937 4029 39.
956 3975 991 4031 ci.
1010 3975 1170 4046 Marquardt
1186 3976 1205 4029 1.
1223 3975 1286 4043 lp.
1305 3977 1348 4029 91.

368 4063 396 4125 5)
412 4058 470 4115 Liv.
490 4063 531 4127 32,
550 4064 573 4113 2.
592 4059 626 4114 44.
645 4057 700 4114 Cic.
720 4060 797 4116 Balb.
818 4064 858 4125 14,
877 4065 918 4115 34.
