2996 4784
175 1403 279 1469 Natus
308 1423 378 1469 sum
407 1403 575 1469 Detlevius
597 1405 756 1472 Wilsdorf
780 1426 809 1472 a.
840 1405 870 1471 d.
899 1405 945 1471 IV
973 1405 1046 1472 Kal.
1069 1406 1148 1473 Deo.
1171 1407 1246 1473 enni

92 1521 308 1589 MDOOCLIV
322 1520 355 1587 in
376 1521 448 1588 vioo
471 1520 641 1607 Saxoniae,
660 1525 712 1591 oui
727 1544 842 1590 nomen
858 1529 907 1591 est
922 1522 1132 1609 Orottendori,
1147 1545 1246 1611 prope

92 1644 318 1723 Anuabergam
347 1639 426 1723 sito,
455 1639 638 1708 Hermanno
668 1646 777 1727 patre,
806 1647 908 1709 matre
930 1641 1089 1709 Mathilda
1111 1662 1129 1707 e
1151 1650 1246 1727 gente

95 1760 286 1844 Ungeriaua.
322 1761 419 1825 Pater
441 1758 520 1823 mihi
542 1761 682 1842 quinque
703 1782 805 1829 annos
826 1769 901 1830 nato
924 1770 1026 1829 morte
1046 1768 1174 1847 ereptus
1188 1769 1246 1847 est,

92 1880 202 1948 matris
224 1880 257 1945 in
281 1875 446 1946 educando
470 1881 620 1963 egregiae
643 1900 738 1947 ourae
753 1886 907 1965 quantum
923 1881 1070 1967 debeam,
1092 1903 1156 1949 non
1173 1901 1246 1967 pos-

4 2038 6 2093 g
93 2020 165 2067 sum
179 1997 311 2065 edieere.
341 1998 558 2081 Evangelioae
581 2000 728 2065 addictus
750 1998 827 2066 fidei
849 2000 960 2085 primis
982 1999 1159 2065 litterarum
1182 1998 1245 2065 ele·

90 2119 209 2222 mentis
229 2118 261 2184 in
282 2117 394 2184 schola
417 2117 481 2184 vioi
502 2117 589 2183 illius
610 2118 751 2184 imbutus
773 2138 853 2185 sum.
896 2118 946 2184 Ab
969 2117 1137 2186 undecimo
1159 2117 1246 2185 vitae

89 2258 174 2304 anno
197 2256 298 2318 usque
321 2237 364 2304 ad
384 2236 545 2304 decimum
565 2242 712 2319 quartum
728 2239 857 2307 scholae
871 2238 968 2305 realis
985 2237 1246 2321 Annabergensis

4 2372 5 2375 ’
88 2357 137 2425 fui
158 2356 351 2440 discipulus,
374 2354 449 2424 inde
471 2357 674 2442 gymnasium
697 2356 934 2424 Chemnitiense
957 2376 1007 2423 me
1031 2359 1167 2443 excepit,
1191 2359 1246 2425 ubi

89 2477 305 2542 Straumer
334 2494 385 2541 me
415 2482 447 2542 et
468 2477 590 2560 Vogel
612 2477 743 2542 soholae
765 2482 885 2561 reotor,
913 2477 1057 2560 magistri
1080 2477 1245 2562 earissimi,

5 2592 7 2649 ἰ
87 2596 133 2662 ad
163 2594 270 2662 studia
298 2571 492 2661 academioa'
517 2614 642 2661 summa
674 2592 842 2676 diligentia
876 2594 1103 2661 instruxerunt.
1153 2597 1245 2664 Anno

87 2714 374 2781 uuosouxxiv
395 2712 622 2781 universisstis
642 2713 817 2797 Lipsiensis
839 2712 919 2780 srvis
934 2715 1036 2780 fastus
1051 2714 1248 2799 philologiae
1308 2697 1314 2707 '

87 2833 245 2900 elassioae
275 2852 406 2916 operam
434 2830 509 2898 dedi
539 2839 571 2899 et
592 2852 650 2916 per
672 2838 823 2916 quattuor
844 2851 946 2898 anuos
967 2833 1108 2900 virorum
1130 2832 1244 2900 doetis-

88 2953 245 3019 simorum
266 2950 395 3018 interfui
409 2950 542 3017 sobolis:
566 2950 747 3034 irrisorii,
770 2951 918 3034 Curtii,
940 2951 1119 3034 Ebertii,
1142 2950 1245 3018 uor-

87 3070 253 3152 steinii,
290 3069 534 3153 Fritzsohii,
575 3069 755 3153 Heiuzii,
800 3069 1038 3152 Hermanni,
1083 3070 1245 3154 Langii,

86 3188 240 3273 Lipsii,
263 3186 532 3275 Overbeokii,
556 3187 790 3273 Ribbeokii‚
822 3187 1062 3271 Ritsohslii,
1084 3189 1247 3275 Voigtii,

89 3307 293 3373 Zarnekii.
345 3308 468 3387 Quibus
497 3306 590 3392 viris,
623 3308 769 3391 inprimis
796 3307 948 3406 Ipangio
975 3307 1097 3395 optime
1123 3307 1166 3375 de
1195 3327 1247 3374 me

88 3425 221 3508 merito,
260 3426 417 3493 maximas
450 3446 533 3493 nuno
566 3448 628 3512 ago
661 3427 782 3511 gratias
816 3447 1005 3511 semperque
1032 3426 1255 3511 gratissimam«
1285 3476 1301 3535 ἦ
1390 3514 1392 3519 ⁴

24 3630 36 3653 χ
90 3563 203 3612 eorum
225 3545 367 3612 retinebo
394 3545 590 3616 memoriam.
1235 3516 1265 3583 l*
1292 3530 1303 3541 ⁸
