2996 4784
691 296 829 351 Detlevius
847 296 981 351 Wilsdorf

411 485 447 533 se
462 468 512 533 Ti.
528 467 673 533 Graccho
694 466 890 551 dediderant,
914 468 1021 552 pacati
1037 477 1234 535 manserant
1252 471 1297 536 Μ.
1314 472 1435 538 Titinio

410 576 558 654 praetore
580 568 742 634 obtinente
760 569 966 652 provinciam,
989 569 1193 636 rebellarunt
1219 573 1285 638 sub
1312 573 1432 641 adven-

410 678 476 737 tum
499 673 559 754 Ap.
584 668 720 735 Claudii.
765 671 803 735 cf.
827 670 967 752 Obsequ.
995 677 1042 736 10.

344 773 551 840 Comitiorum
567 776 600 836 et
613 770 848 854 provinciarum
864 772 1036 838 sortitionis
1051 774 1176 838 mentio
1194 776 1290 860 apud
1303 776 1431 842 Livium

257 878 318 941 hoc
340 894 422 940 anno
446 871 652 938 desideratur.
698 875 758 957 Ap.
783 873 950 940 Claudium
981 878 1013 939 et
1041 876 1304 958 supplicationis
1334 879 1429 945 hono-

256 997 323 1043 rem
352 982 532 1060 reportasse
555 974 680 1039 Livius.
694 978 805 1039 auctor
834 980 882 1040 est
907 981 939 1039 et
965 981 1114 1042 ovantem
1136 977 1335 1061 ingressum
1360 968 1429 1046 esse

160 1156 162 1165 Ι
257 1079 367 1143 urbem
400 1077 486 1142 idem
519 1075 629 1141 Livius
641 1074 665 1159 1)
696 1081 728 1140 et
755 1074 830 1139 fasti
860 1075 1071 1158 triumphales
1103 1083 1285 1146 testantur.
1344 1082 1426 1148 Ulte-

257 1180 372 1246 riorem
394 1178 590 1265 provinciam
613 1176 683 1258 quis
706 1196 744 1241 eo
767 1195 849 1242 anno
872 1176 1020 1243 habuerit
1034 1175 1211 1244 nescimus.
1249 1186 1315 1264 Ap.
1335 1181 1425 1246 Clau·

244 1282 344 1347 -dium
366 1286 533 1361 utramque
555 1278 750 1364 provinciam
772 1277 1021 1361 administrasse,
1044 1280 1071 1345 si
1093 1281 1372 1364 praecedentium
1396 1287 1424 1347 et

256 1383 472 1468 proximorum
495 1401 648 1447 annorum
664 1378 924 1445 consuetudinem
942 1381 1132 1464 respexeris,
1156 1384 1347 1450 verisimile
1363 1405 1421 1450 non

143 1504 150 1517 ⁴
257 1490 313 1549 est.
351 1484 400 1548 Hx
424 1483 463 1548 iis
486 1489 592 1550 autem
615 1480 823 1565 praetoribus,
848 1500 979 1561 quorum
1003 1483 1149 1549 notitiam
1174 1504 1220 1549 ex
1237 1486 1338 1552 Livio
1353 1505 1419 1570 per·
1471 1546 1472 1579 ,

257 1589 381 1669 ceptam
403 1584 605 1666 habemus2),
628 1583 656 1647 si
672 1584 748 1664 quid
764 1582 907 1649 conicere
923 1584 1006 1665 licet,
1030 1584 1202 1665 quominus
1220 1588 1261 1652 Τ.
1281 1588 1418 1652 Annium
1471 1582 1472 1619 ³

255 1688 402 1772 Luscum,
426 1688 481 1768 qui
501 1688 627 1768 legatus
645 1705 715 1749 cum
731 1684 791 1767 Ap.
808 1683 943 1748 Claudio
963 1684 1126 1752 Centhone
1149 1693 1183 1752 et
1200 1689 1262 1754 Cn.
1281 1687 1415 1755 Servilio

256 1788 416 1872 Caepione
438 1790 470 1853 in
493 1786 714 1852 Macedoniam
737 1785 852 1851 missus
875 1792 923 1852 est
945 1805 973 1850 a.
998 1786 1112 1870 5823),
1137 1788 1339 1873 Hispaniam
1362 1787 1415 1853 ob·
1471 1776 1472 1829 l

255 1889 389 1956 tinuisse
411 1894 559 1971 putemus
581 1887 660 1953 nihil
683 1886 824 1969 impedit.

255 1994 325 2056 580.
349 1991 383 2057 P.
407 1990 521 2056 Furius
546 1990 658 2056 Philus

350 2092 405 2157 Cn.
429 2091 585 2158 Servilius
608 2091 727 2191 Caepio

406 2195 476 2261 Liv.
500 2200 550 2276 41,
574 2198 624 2258 21.
648 2193 704 2259 Cn.
724 2193 861 2259 Servilio
884 2191 1036 2276 Caepioni
1058 2193 1091 2257 in
1113 2192 1311 2278 Hispaniam
1335 2194 1408 2259 ulte·

406 2297 520 2361 norem
554 2299 586 2358 a
614 2295 649 2357 Ρ.
678 2295 774 2359 rura
807 2293 902 2358 runo
933 2292 966 2356 n
996 2274 1178 2359 'citeriorem
1212 2297 1277 2362 tna
1312 2294 1408 2360 mnne.

405 2395 547 2480 peditum
570 2396 801 2478 Romanorum,
825 2395 947 2476 equites
972 2401 1097 2458 centum
1121 2396 1361 2480 quinquaginta
1381 2398 1410 2459 et
1471 2420 1472 2449 ³

405 2497 525 2562 socium
543 2497 648 2561 Latini
670 2497 807 2562 nominis
827 2496 965 2579 quinque
981 2495 1081 2561 millia
1095 2496 1257 2582 peditum,
1281 2494 1409 2564 trecenti

788 2045 900 2124 praett.

406 2599 528 2679 equites
552 2595 718 2681 (decreta).

336 2700 447 2766 Philus
469 2706 584 2782 postea
606 2700 647 2764 ab
670 2699 820 2783 Hispanis
843 2706 1010 2765 accusatus
1034 2701 1131 2784 este),
1161 2702 1297 2788 Caepio,
1320 2701 1403 2768 cuius

252 2802 294 2869 ad
317 2821 434 2867 annum
457 2806 518 2866 578
542 2801 736 2866 mentionem
756 2800 898 2883 fecimus,
921 2821 950 2866 a.
975 2805 1035 2866 585
1059 2804 1167 2868 consul
1190 2803 1295 2886 fuiti)

253 2909 324 2969 581.
347 2902 400 2987 (N.
424 2903 543 2969 Fabius
566 2904 668 2968 Buteo
691 2902 805 2986 praet.)

257 3007 265 3018 '
347 3008 382 3072 P.
406 3006 521 3072 Furius
542 3006 654 3072 Philus
676 3011 870 3088 propraetor.

346 3109 387 3174 M.
411 3109 567 3174 Matienus
588 3112 690 3191 praet.

403 3210 472 3274 Liv.
493 3213 543 3288 42,
569 3214 595 3273 1.
619 3214 783 3292 praetores
806 3203 922 3269 deinde
945 3206 1126 3288 provincias
1149 3210 1252 3274 sortiti
1274 3213 1345 3274 sunt
1359 3239 1397 3250 -

323 3322 330 3329 ‘
403 3346 445 3356 -
460 3311 499 3376 N.
515 3310 635 3375 Fabius
652 3308 752 3372 Buteo
770 3306 956 3388 Hispaniam
975 3307 1162 3391 citeriorem,
1185 3310 1226 3374 M.
1244 3310 1394 3376 Matienus

402 3413 594 3478 ulteriorem.
610 3445 652 3455 -
673 3409 716 3473 ib.
732 3413 762 3473 4.
785 3409 836 3472 Ex
857 3409 1067 3494 praetoribus,
1090 3410 1145 3490 qui
1166 3411 1199 3476 in
1221 3410 1393 3495 provincias

401 3512 514 3596 ierant,
535 3513 576 3578 N.
593 3510 712 3575 Fabius
727 3510 889 3577 Massiliae
911 3512 1050 3595 moritur,
1074 3531 1144 3577 cum
1166 3513 1199 3578 in
1223 3513 1392 3579 citeriorem

402 3613 590 3697 Hispaniam
611 3613 679 3677 iret.
709 3612 817 3694 itaque
839 3632 909 3677 eum
931 3612 966 3677 id
987 3613 1164 3678 nuntiatum
1187 3611 1392 3680 aMassilien·

402 3715 489 3779 sibus
505 3713 619 3795 legatis
635 3720 728 3797 esset,
744 3719 872 3779 senatus
888 3713 1039 3797 decrevit,
1058 3721 1093 3780 ut
1108 3715 1142 3780 P.
1158 3717 1271 3781 Furius
1288 3712 1390 3779 Philus

250 3852 454 3863 ——.-———

340 3953 363 4016 1)
388 3948 445 4004 Lib.
465 3953 506 4016 41,
526 3952 565 4002 28.
641 3950 666 4012 2)
689 3952 731 4012 41,
751 3953 791 4001 25.
810 3950 850 4000 28.
868 3951 910 4009 42,
929 3952 953 4002 9.
1033 3952 1058 4014 3)
1082 3954 1123 4017 42,
1143 3955 1183 4005 25.
1261 3952 1286 4012 4)
1309 3950 1348 4010 43,
1366 3944 1386 3993 2.

249 4039 275 4100 h)
292 4040 334 4100 43,
356 4038 393 4087 lt.
