2996 4784
653 285 791 375 Iletlevius
809 283 944 338 Wilsdorf

380 458 518 525 indicum
542 456 599 539 (sc.
623 455 801 540 Allobrog.)
823 456 909 520 diota
926 457 1124 543 interrogata
1139 473 1294 537 responsa
1309 473 1388 539 per·

381 561 618 627 scriberent-
646 594 683 603 -
705 559 740 623 C.
764 557 961 639 Cosconium,
986 557 1128 638 quitum
1151 561 1220 622 erat
1241 562 1387 640 praetor.

314 664 448 730 Praetor
469 662 565 744 igitur
580 661 754 727 Cosconius
777 664 845 726 erat
867 681 896 724 a.
913 662 985 740 691,
1008 664 1150 724 mortuus
1166 662 1214 724 est
1229 677 1258 722 a.
1275 662 1348 723 696.
1358 660 1387 742 ¹)

229 767 264 831 P.
280 767 441 832 Vatinium
462 765 604 843 legatum
628 762 696 828 eius
712 761 822 827 Cicero
845 762 997 845 exagitat,
1021 758 1107 841 quod
1128 760 1188 824 iter
1210 760 1325 825 mirum
1347 761 1388 825 in

230 868 359 934 modum
380 886 439 950 per
461 863 641 930 Sardiniam
664 870 696 930 et
718 862 859 928 Africam
881 862 1059 945 confecerit,
1082 863 1115 927 in
1137 862 1293 947 Hispania
1315 883 1388 928 sor-

230 970 376 1034 didorum
404 967 557 1035 furtorum
580 966 706 1049 culpam
729 963 962 1048 contraxerit.²)
1006 965 1084 1043 Quis
1110 963 1288 1032 citeriorem
1309 986 1388 1049 pro-

229 1069 367 1135 vinciam
402 1067 686 1148 administraverit,
721 1088 784 1132 non
819 1066 924 1131 haheo
954 1066 1068 1132 dicere.
1118 1066 1168 1130 Ex
1195 1067 1236 1131 iis
1264 1072 1388 1150 autem,

230 1173 345 1254 quibus
373 1170 553 1255 provincias
580 1169 653 1250 lege
683 1167 830 1234 Cornelia
858 1168 963 1234 sortiri
988 1168 1093 1249 licuit,
1130 1168 1239 1249 quaeri
1272 1169 1389 1250 nequit

230 1272 292 1340 nisi
315 1272 355 1338 de
376 1274 411 1337 L.
435 1272 550 1337 Roscio
573 1269 699 1336 Othone
722 1275 753 1335 et
775 1269 809 1335 C.
833 1268 1016 1354 Sulpicioii
1124 1259 1141 1302 ⁴

111 1414 114 1419 ·
231 1379 303 1439 693.
327 1375 360 1441 C.
383 1373 484 1439 Iulius
507 1371 624 1439 Caesar
645 1377 832 1456 propraetor
854 1372 909 1437 ult.
933 1372 971 1436 H.

384 1475 470 1540 Suet.
488 1473 579 1541 Caes.
599 1478 647 1539 18.
670 1475 719 1538 Ex
741 1480 891 1558 praetura
913 1473 1094 1539 ulteriorem
1117 1473 1245 1540 sortitus
1267 1475 1386 1558 Hispa-

345 1641 348 1651 ,
383 1576 470 1642 niam
491 1577 663 1642 retinentes
685 1574 859 1640 creditores
880 1576 1060 1641 interventu
1079 1595 1265 1659 sponsorum
1281 1598 1385 1643 remo·

383 1680 439 1745 vit.
477 1678 515 1742 cf.
538 1678 620 1742 Plut.
645 1677 736 1743 Caes.
761 1683 789 1741 5.
823 1676 892 1743 Liv.
917 1698 965 1760 ep.
993 1681 1060 1742 103.
1091 1679 1173 1761 App.
1198 1679 1225 1743 b.
1250 1699 1275 1744 4.
1301 1683 1329 1761 2,
1355 1683 1384 1746 8.

384 1781 431 1846 lh.
457 1783 525 1845 102.
547 1829 549 1837 .
570 1779 644 1845 bell.
669 1779 833 1862 hispan.
878 1778 942 1844 Cic.
965 1778 1057 1844 Balb.
1084 1782 1131 1860 19,
1156 1783 1205 1844 43.

317 1884 367 1947 De
389 1884 558 1966 praeturae
574 1866 721 1946 Caesa'ris
743 1900 827 1945 anno
841 1880 925 1945 inter
947 1900 1056 1947 omnes
1072 1887 1209 1964 constat3
1235 1902 1299 1965 qua
1312 1902 1386 1966 per-

231 1986 374 2051 functum
396 2003 436 2050 ne
459 1986 664 2066 exspectasse
687 1980 816 2063 quidem
844 1980 920 2046 dicit
943 1980 1127 2066 Suetonius,
1159 1983 1235 2048 dum
1256 1985 1386 2066 provin·

233 2089 302 2154 ciae
325 2091 519 2152 ornarentur.
550 2083 599 2149 De
622 2083 778 2167 Hispania
800 2102 896 2165 quam
919 2084 1000 2149 bene
1022 2104 1092 2149 oum
1115 2084 1187 2150 aliis
1204 2086 1301 2150 rebus
1317 2094 1385 2152 tum

232 2187 450 2255 iurisdictione
465 2186 610 2250 instituta
620 2184 751 2249 meritus
762 2185 812 2266 sit,
825 2186 994 2267 scriptores
1006 2186 1148 2250 nonnulli
1159 2191 1258 2253 testes
1270 2187 1385 2271 sunta)

233 2290 339 2371 Idem,
369 2288 423 2370 qui
451 2307 524 2352 aere
554 2286 658 2352 alieno
686 2283 801 2368 grandi
828 2291 894 2350 tam
923 2286 1013 2352 brevi
1041 2293 1186 2370 tempore
1214 2289 1384 2373 expeditus

234 2393 290 2473 sit,
314 2392 502 2455 documento
526 2406 597 2453 esse
618 2394 738 2471 potest,
771 2392 923 2472 quautam
945 2388 1113 2474 pecuniam
1134 2390 1344 2473 imperatores
1368 2411 1386 2456 e

234 2490 407 2578 provinciis
436 2495 598 2574 reportare
625 2491 794 2574 potuerint.
839 2486 903 2555 Sed
927 2491 1046 2557 Caesar
1068 2491 1270 2573 imperatoris
1293 2492 1384 2559 titulo

234 2616 254 2661 a
276 2592 429 2658 militibus
451 2596 596 2673 omatuS,
620 2612 690 2657 oum
714 2590 865 2676 triumphi
887 2611 977 2677 spem
999 2599 1118 2658 certam
1140 2593 1289 2669 haberet,
1313 2614 1385 2660 eon-

234 2697 372 2763 sulatum
401 2693 530 2776 assequi
559 2712 655 2774 quam
683 2693 876 2777 triumphare
899 2694 1050 2775 malalai)
1095 2695 1203 2761 Rediit
1224 2701 1333 2762 autem
1356 2698 1394 2762 a(

235 2801 297 2862 694
319 2798 447 2862 ineunte
469 2815 579 2860 mense
601 2794 732 2875 Iunioil
774 2794 973 2879 Plutarchus,
995 2797 1049 2878 qui
1073 2798 1107 2863 C.
1130 2797 1304 2863 Antistium
1326 2799 1386 2863 Ve-

234 2905 335 2984 terem
357 2898 457 2963 filium
481 2896 558 2980 eius,
581 2896 670 2961 ouius
694 2901 843 2980 quaestor
858 2896 977 2963 Caesar
990 2899 1102 2982 fuerat,
1126 2897 1273 2964 Caesaris
1290 2917 1385 2979 quae-

235 3009 352 3068 storem
374 2999 494 3064 lactum
516 3018 587 3064 esse
609 3004 731 3080 narrat,
758 3004 862 3064 utrum
884 2999 968 3064 huno
990 3021 1108 3065 annum
1132 3003 1192 3064 693
1216 3020 1258 3066 an
1280 3006 1386 3083 poste-

234 3104 350 3168 riorem
382 3104 442 3166 769
470 3100 502 3164 in
531 3106 638 3165 mente
669 3098 802 3181 haheat,
834 3117 896 3180 quo
923 3101 1081 3167 Antistius
1108 3102 1208 3168 Vetus
1237 3106 1389 3185 quaestor

237 3203 384 3270 Caesaris
411 3203 575 3284 Apameae
603 3199 777 3265 Caecilium
800 3201 934 3266 Bassum
962 3201 1132 3267 obsidebat
1143 3202 1166 3285 ⁷)
1173 3252 1181 3285 ,
1211 3201 1388 3269 diiudicare
1482 3232 1483 3245 ¹

235 3325 299 3371 non
327 3302 440 3370 audeo.
494 3300 559 3367 Sed
594 3301 751 3385 posterius
785 3301 983 3385 probabilius
1013 3309 1062 3369 est
1089 3310 1220 3387 propter
1247 3309 1388 3371 aetatem

235 3405 337 3491 patris
366 3410 397 3469 et
424 3403 492 3469 filii.
536 3403 572 3467 L.
597 3402 761 3469 Cornelius
783 3404 904 3469 Balbus
926 3405 1105 3487 praefectus
1128 3404 1253 3470 fabrum
1276 3405 1386 3489 erat.⁸)

325 3606 349 3668 1)
368 3603 525 3667 clencan,
538 3606 612 3667 19,4.
682 3607 707 3667 2)
726 3603 821 3670 Vati,
834 3610 873 3660 13.
936 3610 961 3669 3)
980 3603 1108 3658 04Η6141
1125 3621 1151 3673 p.
1169 3610 1210 3659 46.
1272 3610 1298 3671 41
1316 3605 1389 3661 Prot.

237 3689 313 3743 Caes.
336 3691 373 3740 12.
410 3688 479 3755 App.
498 3689 524 3740 b.
545 3704 568 3741 4.
588 3692 617 3753 2,
637 3691 661 3740 6.
698 3687 751 3757 Cic.
769 3689 846 3743 Belb.
868 3694 912 3756 19,
932 3693 973 3743 43.
992 3688 1145 3757 vectigalia,
1170 3704 1239 3758 quae
1259 3690 1390 3745 Metellus

236 3774 301 3828 Pius
318 3772 446 3839 Hispanis
463 3772 636 3841 imposuerat,
655 3773 773 3826 sustulit.
802 3773 834 3828 cf.
845 3773 908 3827 bell.
918 3772 994 3843 Hisp.
1007 3776 1047 3826 42.
1117 3778 1143 3838 5)
1161 3774 1203 3828 De
1219 3775 1279 3843 lege
1297 3774 1387 3829 Tullia

238 3859 271 3913 de
288 3857 391 3913 ambitu
408 3857 462 3909 huc
480 3856 626 3924 pertinenti
644 3856 677 3910 cf.
695 3857 788 3925 Lange
807 3858 839 3913 R.
848 3861 882 3910 A.
891 3858 939 3923 ΠΙ,
958 3863 1015 3912 263.
1085 3862 1111 3920 61
1130 3859 1185 3913 Cic.
1196 3859 1252 3912 Α44.
1273 3863 1297 3924 2,
1320 3864 1341 3923 1,
1361 3863 1384 3911 9.

238 3943 271 3997 cf.
289 3942 431 3995 Drumann
447 3940 498 4006 Ill,
520 3947 575 3996 181.
646 3948 671 4007 l)
694 3942 750 3995 Cic.
769 3942 826 3995 Att.
849 3947 887 4008 14,
906 3947 930 4007 9,
949 3948 972 3997 3.
991 3943 1026 3997 ad
1042 3943 1119 3997 Brut.
1141 3947 1164 4008 1,
1185 3948 1223 3998 11.
1261 3943 1295 3998 cf.
1314 3943 1388 3996 Plus,

237 4029 313 4082 Brut.
332 4031 371 4079 25.
442 4026 752 4094 ominamurque.
1482 4042 1483 4045 ’
