<?xml version="1.0" encoding="UTF-8"?>
<!DOCTYPE html PUBLIC "-//W3C//DTD XHTML 1.0 Transitional//EN"
    "http://www.w3.org/TR/xhtml1/DTD/xhtml1-transitional.dtd">
<html xmlns="http://www.w3.org/1999/xhtml" xml:lang="en" lang="en">
 <head>
  <title>
</title>
<meta http-equiv="Content-Type" content="text/html;charset=utf-8" />
  <meta name='ocr-system' content='tesseract 3.04.00' />
  <meta name='ocr-capabilities' content='ocr_page ocr_carea ocr_par ocr_line ocrx_word'/>
</head>
<body>
  <div class='ocr_page' id='page_1' title='image "./fastihispaniaru00wilsgoog_0067.png"; bbox 0 0 2996 4784; ppageno 0'>
   <div class='ocr_carea' id='block_1_1' title="bbox 249 290 975 354">
    <p class='ocr_par' dir='ltr' id='par_1_1' title="bbox 249 290 975 354">
     <span class='ocr_line' id='line_1_1' title="bbox 249 290 975 354; baseline 0.012 -14"><span class='ocrx_word' id='word_1_1' title='bbox 249 293 310 354; x_wconf 85' lang='lat'><strong>118</strong></span> <span class='ocrx_word' id='word_1_2' title='bbox 685 290 823 346; x_wconf 88' lang='lat' dir='ltr'><strong>Detlevius</strong></span> <span class='ocrx_word' id='word_1_3' title='bbox 840 290 975 349; x_wconf 86' lang='lat' dir='ltr'><strong>Wilsdorf.</strong></span> 
     </span>
    </p>
   </div>
   <div class='ocr_carea' id='block_1_2' title="bbox 246 458 1482 3691">
    <p class='ocr_par' dir='ltr' id='par_1_2' title="bbox 247 458 1406 965">
     <span class='ocr_line' id='line_1_2' title="bbox 274 458 1406 550; baseline -0.005 -21"><span class='ocrx_word' id='word_1_4' title='bbox 274 531 282 542; x_wconf 70' lang='grc'><strong>,</strong></span> <span class='ocrx_word' id='word_1_5' title='bbox 333 466 511 547; x_wconf 80' lang='lat' dir='ltr'>Utramque</span> <span class='ocrx_word' id='word_1_6' title='bbox 538 463 737 550; x_wconf 86' lang='lat' dir='ltr'><strong>provinciam</strong></span> <span class='ocrx_word' id='word_1_7' title='bbox 760 464 793 529; x_wconf 81' lang='lat'><strong>0.</strong></span> <span class='ocrx_word' id='word_1_8' title='bbox 816 463 953 529; x_wconf 89' lang='lat' dir='ltr'><strong>Annium</strong></span> <span class='ocrx_word' id='word_1_9' title='bbox 982 461 1158 529; x_wconf 81' lang='lat' dir='ltr'>obtinuisse</span> <span class='ocrx_word' id='word_1_10' title='bbox 1179 458 1283 525; x_wconf 88' lang='lat' dir='ltr'><strong>videri</strong></span> <span class='ocrx_word' id='word_1_11' title='bbox 1305 459 1406 525; x_wconf 92' lang='lat' dir='ltr'><strong>modo</strong></span> 
     </span>
     <span class='ocr_line' id='line_1_3' title="bbox 249 559 1406 647; baseline -0.009 -14"><span class='ocrx_word' id='word_1_12' title='bbox 249 568 369 634; x_wconf 89' lang='lat' dir='ltr'><strong>dictum</strong></span> <span class='ocrx_word' id='word_1_13' title='bbox 392 574 448 633; x_wconf 87' lang='lat' dir='ltr'><strong>est.</strong></span> <span class='ocrx_word' id='word_1_14' title='bbox 491 566 650 633; x_wconf 86' lang='lat' dir='ltr'><strong>Sertorius</strong></span> <span class='ocrx_word' id='word_1_15' title='bbox 673 585 711 631; x_wconf 89' lang='lat' dir='ltr'><strong>eo</strong></span> <span class='ocrx_word' id='word_1_16' title='bbox 734 585 817 632; x_wconf 90' lang='lat' dir='ltr'><strong>anno</strong></span> <span class='ocrx_word' id='word_1_17' title='bbox 840 586 860 631; x_wconf 90' lang='lat' dir='ltr'><strong>a</strong></span> <span class='ocrx_word' id='word_1_18' title='bbox 882 564 1062 632; x_wconf 84' lang='lat' dir='ltr'><strong>continenti</strong></span> <span class='ocrx_word' id='word_1_19' title='bbox 1076 563 1229 647; x_wconf 88' lang='lat' dir='ltr'><strong>depulsus</strong></span> <span class='ocrx_word' id='word_1_20' title='bbox 1250 559 1406 644; x_wconf 80' lang='lat' dir='ltr'><strong>Pityusas</strong></span> 
     </span>
     <span class='ocr_line' id='line_1_4' title="bbox 247 661 1406 753; baseline -0.008 -18"><span class='ocrx_word' id='word_1_21' title='bbox 247 671 369 735; x_wconf 90' lang='lat' dir='ltr'><strong>insulas</strong></span> <span class='ocrx_word' id='word_1_22' title='bbox 392 668 569 753; x_wconf 85' lang='lat' dir='ltr'><strong>occupavit,</strong></span> <span class='ocrx_word' id='word_1_23' title='bbox 592 666 708 734; x_wconf 89' lang='lat' dir='ltr'><strong>deinde</strong></span> <span class='ocrx_word' id='word_1_24' title='bbox 730 668 840 733; x_wconf 87' lang='lat' dir='ltr'><strong>navali</strong></span> <span class='ocrx_word' id='word_1_25' title='bbox 860 686 969 751; x_wconf 81' lang='lat' dir='ltr'><strong>pugna</strong></span> <span class='ocrx_word' id='word_1_26' title='bbox 990 666 1093 730; x_wconf 89' lang='lat' dir='ltr'><strong>victus</strong></span> <span class='ocrx_word' id='word_1_27' title='bbox 1107 664 1141 728; x_wconf 92' lang='lat' dir='ltr'><strong>in</strong></span> <span class='ocrx_word' id='word_1_28' title='bbox 1155 661 1265 728; x_wconf 83' lang='lat' dir='ltr'><strong>Africa</strong></span> <span class='ocrx_word' id='word_1_29' title='bbox 1279 662 1406 728; x_wconf 90' lang='lat' dir='ltr'><strong>bellum</strong></span> 
     </span>
     <span class='ocr_line' id='line_1_5' title="bbox 248 764 1405 856; baseline -0.008 -18"><span class='ocrx_word' id='word_1_30' title='bbox 248 771 356 856; x_wconf 78' lang='lat' dir='ltr'><strong>gessit.</strong></span> <span class='ocrx_word' id='word_1_31' title='bbox 401 770 592 848; x_wconf 79' lang='lat' dir='ltr'><strong>Quaestores</strong></span> <span class='ocrx_word' id='word_1_32' title='bbox 616 767 728 850; x_wconf 92' lang='lat' dir='ltr'><strong>Annii,</strong></span> <span class='ocrx_word' id='word_1_33' title='bbox 758 788 891 850; x_wconf 89' lang='lat' dir='ltr'><strong>quorum</strong></span> <span class='ocrx_word' id='word_1_34' title='bbox 919 767 1074 832; x_wconf 88' lang='lat' dir='ltr'><strong>memoria</strong></span> <span class='ocrx_word' id='word_1_35' title='bbox 1101 764 1238 830; x_wconf 90' lang='lat' dir='ltr'><strong>nummis</strong></span> <span class='ocrx_word' id='word_1_36' title='bbox 1266 765 1405 848; x_wconf 80' lang='lat' dir='ltr'><strong>repertis</strong></span> 
     </span>
     <span class='ocr_line' id='line_1_6' title="bbox 249 866 1196 965; baseline -0.007 -27"><span class='ocrx_word' id='word_1_37' title='bbox 249 876 441 965; x_wconf 81' lang='lat' dir='ltr'><strong>conservata</strong></span> <span class='ocrx_word' id='word_1_38' title='bbox 463 878 519 954; x_wconf 93' lang='lat' dir='ltr'><strong>est,</strong></span> <span class='ocrx_word' id='word_1_39' title='bbox 543 876 634 937; x_wconf 89' lang='lat' dir='ltr'><strong>erant</strong></span> <span class='ocrx_word' id='word_1_40' title='bbox 656 866 692 932; x_wconf 90' lang='lat' dir='ltr'><strong>L.</strong></span> <span class='ocrx_word' id='word_1_41' title='bbox 715 870 835 936; x_wconf 82' lang='lat' dir='ltr'>Fabius</span> <span class='ocrx_word' id='word_1_42' title='bbox 859 874 890 934; x_wconf 87' lang='lat' dir='ltr'><strong>et</strong></span> <span class='ocrx_word' id='word_1_43' title='bbox 914 869 948 934; x_wconf 78' lang='lat' dir='ltr'><strong>d.</strong></span> <span class='ocrx_word' id='word_1_44' title='bbox 972 867 1164 950; x_wconf 85' lang='lat' dir='ltr'><strong>Tarquitius.</strong></span> <span class='ocrx_word' id='word_1_45' title='bbox 1172 868 1196 950; x_wconf 80' lang='lat'><strong>1)</strong></span> 
     </span>
    </p>

    <p class='ocr_par' dir='ltr' id='par_1_3' title="bbox 250 968 1138 1055">
     <span class='ocr_line' id='line_1_7' title="bbox 250 968 1138 1055; baseline -0.001 -19"><span class='ocrx_word' id='word_1_46' title='bbox 250 977 320 1038; x_wconf 81' lang='lat'><strong>674.</strong></span> <span class='ocrx_word' id='word_1_47' title='bbox 343 974 384 1037; x_wconf 88' lang='lat' dir='ltr'><strong>M.</strong></span> <span class='ocrx_word' id='word_1_48' title='bbox 408 973 567 1039; x_wconf 85' lang='lat' dir='ltr'><strong>Domitius</strong></span> <span class='ocrx_word' id='word_1_49' title='bbox 589 972 742 1041; x_wconf 80' lang='lat' dir='ltr'><strong>Calvinus</strong></span> <span class='ocrx_word' id='word_1_50' title='bbox 765 968 992 1055; x_wconf 78' lang='lat' dir='ltr'><em>(propraetor)</em></span> <span class='ocrx_word' id='word_1_51' title='bbox 1015 991 1138 1054; x_wconf 88' lang='lat' dir='ltr'><strong>procos.</strong></span> 
     </span>
    </p>

    <p class='ocr_par' dir='ltr' id='par_1_4' title="bbox 344 1072 886 1160">
     <span class='ocr_line' id='line_1_8' title="bbox 344 1072 886 1160; baseline -0.002 -21"><span class='ocrx_word' id='word_1_52' title='bbox 344 1074 379 1140; x_wconf 88' lang='lat' dir='ltr'><strong>L.</strong></span> <span class='ocrx_word' id='word_1_53' title='bbox 402 1072 545 1140; x_wconf 81' lang='lat' dir='ltr'><strong>Fufidius</strong></span> <span class='ocrx_word' id='word_1_54' title='bbox 566 1080 761 1160; x_wconf 80' lang='lat' dir='ltr'><strong>propraetor.</strong></span> <span class='ocrx_word' id='word_1_55' title='bbox 881 1124 886 1138; x_wconf 85' lang='lat'><strong>.</strong></span> 
     </span>
    </p>

    <p class='ocr_par' dir='ltr' id='par_1_5' title="bbox 399 1168 1404 1966">
     <span class='ocr_line' id='line_1_9' title="bbox 400 1168 1403 1257; baseline -0.002 -17"><span class='ocrx_word' id='word_1_56' title='bbox 400 1176 483 1240; x_wconf 83' lang='lat' dir='ltr'><strong>Plut.</strong></span> <span class='ocrx_word' id='word_1_57' title='bbox 507 1175 589 1242; x_wconf 85' lang='lat' dir='ltr'><strong>Sert.</strong></span> <span class='ocrx_word' id='word_1_58' title='bbox 615 1181 662 1242; x_wconf 98' lang='grc'><strong>12.</strong></span> <span class='ocrx_word' id='word_1_59' title='bbox 693 1173 731 1241; x_wconf 76' lang='grc' dir='ltr'><strong>οὐ</strong></span> <span class='ocrx_word' id='word_1_60' title='bbox 761 1173 864 1256; x_wconf 87' lang='grc' dir='ltr'><strong><em>μόνον</em></strong></span> <span class='ocrx_word' id='word_1_61' title='bbox 888 1172 1001 1240; x_wconf 78' lang='grc' dir='ltr'><strong><em>ἐθνῶν</em></strong></span> <span class='ocrx_word' id='word_1_62' title='bbox 1025 1169 1188 1257; x_wconf 74' lang='grc' dir='ltr'><strong><em>ἐκράτησε</em></strong></span> <span class='ocrx_word' id='word_1_63' title='bbox 1211 1168 1403 1254; x_wconf 80' lang='lat' dir='ltr'><strong>(Sertorius)</strong></span> 
     </span>
     <span class='ocr_line' id='line_1_10' title="bbox 400 1268 1404 1361; baseline -0.007 -18"><span class='ocrx_word' id='word_1_64' title='bbox 400 1276 553 1361; x_wconf 73' lang='grc' dir='ltr'><strong><em>μεγάλων</em></strong></span> <span class='ocrx_word' id='word_1_65' title='bbox 577 1278 633 1342; x_wconf 81' lang='grc' dir='ltr'><strong>καὶ</strong></span> <span class='ocrx_word' id='word_1_66' title='bbox 656 1274 774 1352; x_wconf 90' lang='grc' dir='ltr'><strong><em>πόλεις</em></strong></span> <span class='ocrx_word' id='word_1_67' title='bbox 797 1268 866 1341; x_wconf 82' lang='grc' dir='ltr'><strong><em>εἷλε</em></strong></span> <span class='ocrx_word' id='word_1_68' title='bbox 888 1274 1027 1359; x_wconf 82' lang='grc' dir='ltr'><strong><em>πολλὰς,</em></strong></span> <span class='ocrx_word' id='word_1_69' title='bbox 1051 1271 1209 1338; x_wconf 79' lang='grc' dir='ltr'><strong><em>ἀλλὰκαὶ</em></strong></span> <span class='ocrx_word' id='word_1_70' title='bbox 1227 1269 1404 1338; x_wconf 80' lang='grc' dir='ltr'><strong><em>τῶνᾶντι·</em></strong></span> 
     </span>
     <span class='ocr_line' id='line_1_11' title="bbox 402 1373 1403 1464; baseline -0.005 -20"><span class='ocrx_word' id='word_1_71' title='bbox 402 1378 597 1464; x_wconf 76' lang='grc' dir='ltr'><strong><em>στρατήγιον</em></strong></span> <span class='ocrx_word' id='word_1_72' title='bbox 620 1376 751 1442; x_wconf 83' lang='grc' dir='ltr'><strong><em>Κότταν</em></strong></span> <span class='ocrx_word' id='word_1_73' title='bbox 781 1378 842 1458; x_wconf 79' lang='grc' dir='ltr'><strong>μὲν</strong></span> <span class='ocrx_word' id='word_1_74' title='bbox 872 1376 906 1442; x_wconf 82' lang='grc' dir='ltr'><strong>ἒν</strong></span> <span class='ocrx_word' id='word_1_75' title='bbox 937 1383 984 1461; x_wconf 76' lang='grc' dir='ltr'><strong>τῷ</strong></span> <span class='ocrx_word' id='word_1_76' title='bbox 1015 1376 1097 1457; x_wconf 88' lang='grc' dir='ltr'><strong><em>περὶ</em></strong></span> <span class='ocrx_word' id='word_1_77' title='bbox 1119 1373 1178 1459; x_wconf 81' lang='grc' dir='ltr'><strong>τὴν</strong></span> <span class='ocrx_word' id='word_1_78' title='bbox 1201 1375 1403 1458; x_wconf 75' lang='grc' dir='ltr'><strong><em>Μελλαρίαν</em></strong></span> 
     </span>
     <span class='ocr_line' id='line_1_12' title="bbox 401 1471 1404 1565; baseline -0.005 -21"><span class='ocrx_word' id='word_1_79' title='bbox 401 1482 552 1565; x_wconf 73' lang='grc' dir='ltr'><strong><em>πορθμῷ</em></strong></span> <span class='ocrx_word' id='word_1_80' title='bbox 575 1477 865 1564; x_wconf 81' lang='grc' dir='ltr'><strong><em>κατεναυμάχησε,</em></strong></span> <span class='ocrx_word' id='word_1_81' title='bbox 898 1477 1088 1562; x_wconf 78' lang='grc' dir='ltr'><strong><em>Φουφίδιον</em></strong></span> <span class='ocrx_word' id='word_1_82' title='bbox 1115 1475 1151 1542; x_wconf 78' lang='grc' dir='ltr'><strong>δὲ</strong></span> <span class='ocrx_word' id='word_1_83' title='bbox 1174 1475 1232 1542; x_wconf 89' lang='grc' dir='ltr'><strong>τὸν</strong></span> <span class='ocrx_word' id='word_1_84' title='bbox 1256 1471 1404 1559; x_wconf 77' lang='grc' dir='ltr'><strong><em>ἄρχοντα</em></strong></span> 
     </span>
     <span class='ocr_line' id='line_1_13' title="bbox 399 1577 1404 1673; baseline -0.004 -28"><span class='ocrx_word' id='word_1_85' title='bbox 399 1587 459 1667; x_wconf 81' lang='grc' dir='ltr'><strong>τῆς</strong></span> <span class='ocrx_word' id='word_1_86' title='bbox 482 1587 647 1667; x_wconf 80' lang='grc' dir='ltr'><strong><em>Βαιτικῆς</em></strong></span> <span class='ocrx_word' id='word_1_87' title='bbox 676 1582 755 1666; x_wconf 81' lang='grc' dir='ltr'><strong><em>περὶ</em></strong></span> <span class='ocrx_word' id='word_1_88' title='bbox 785 1579 844 1644; x_wconf 88' lang='grc' dir='ltr'><strong>τὸν</strong></span> <span class='ocrx_word' id='word_1_89' title='bbox 866 1586 987 1644; x_wconf 87' lang='grc' dir='ltr'><strong><em>Βαῖτιν</em></strong></span> <span class='ocrx_word' id='word_1_90' title='bbox 1016 1577 1186 1663; x_wconf 76' lang='grc' dir='ltr'><strong><em>ἐτρέψατο</em></strong></span> <span class='ocrx_word' id='word_1_91' title='bbox 1217 1577 1404 1673; x_wconf 78' lang='grc' dir='ltr'><strong><em>δισχιλίους</em></strong></span> 
     </span>
     <span class='ocr_line' id='line_1_14' title="bbox 401 1676 1404 1763; baseline -0.001 -18"><span class='ocrx_word' id='word_1_92' title='bbox 401 1679 607 1758; x_wconf 77' lang='grc' dir='ltr'><strong><em>ἀποκτείνας</em></strong></span> <span class='ocrx_word' id='word_1_93' title='bbox 626 1678 804 1763; x_wconf 85' lang='grc' dir='ltr'><strong><em>Ῥωμαίων,</em></strong></span> <span class='ocrx_word' id='word_1_94' title='bbox 829 1686 995 1760; x_wconf 84' lang='grc' dir='ltr'><strong><em>Δομίτιον</em></strong></span> <span class='ocrx_word' id='word_1_95' title='bbox 1023 1679 1059 1746; x_wconf 79' lang='lat' dir='ltr'><strong>di</strong></span> <span class='ocrx_word' id='word_1_96' title='bbox 1083 1677 1270 1744; x_wconf 86' lang='grc' dir='ltr'><strong><em>Καλουῖνσν</em></strong></span> <span class='ocrx_word' id='word_1_97' title='bbox 1294 1676 1404 1744; x_wconf 76' lang='grc' dir='ltr'><strong><em>ἀνθύ-</em></strong></span> 
     </span>
     <span class='ocr_line' id='line_1_15' title="bbox 399 1779 1404 1868; baseline -0.002 -22"><span class='ocrx_word' id='word_1_98' title='bbox 399 1806 508 1848; x_wconf 86' lang='grc' dir='ltr'><strong><em>πατον</em></strong></span> <span class='ocrx_word' id='word_1_99' title='bbox 532 1780 611 1847; x_wconf 72' lang='grc' dir='ltr'><strong><em>ὄντα</em></strong></span> <span class='ocrx_word' id='word_1_100' title='bbox 633 1788 694 1868; x_wconf 83' lang='grc' dir='ltr'><strong>τῆς</strong></span> <span class='ocrx_word' id='word_1_101' title='bbox 717 1782 835 1865; x_wconf 76' lang='grc' dir='ltr'><strong><em>ἑτέρας</em></strong></span> <span class='ocrx_word' id='word_1_102' title='bbox 847 1779 991 1867; x_wconf 76' lang='grc' dir='ltr'><strong><em>Ἰβηρίας</em></strong></span> <span class='ocrx_word' id='word_1_103' title='bbox 1010 1779 1067 1846; x_wconf 79' lang='grc' dir='ltr'><strong>διὰ</strong></span> <span class='ocrx_word' id='word_1_104' title='bbox 1085 1787 1145 1845; x_wconf 80' lang='grc' dir='ltr'><strong>τοῦ</strong></span> <span class='ocrx_word' id='word_1_105' title='bbox 1160 1785 1281 1862; x_wconf 86' lang='grc' dir='ltr'><strong><em>ταμίου</em></strong></span> <span class='ocrx_word' id='word_1_106' title='bbox 1299 1804 1404 1845; x_wconf 91' lang='grc' dir='ltr'><strong><em>κατα-</em></strong></span> 
     </span>
     <span class='ocr_line' id='line_1_16' title="bbox 400 1872 1150 1966; baseline 0.004 -20"><span class='ocrx_word' id='word_1_107' title='bbox 400 1882 640 1966; x_wconf 79' lang='grc' dir='ltr'><strong><em>γωνισάμενος.</em></strong></span> <span class='ocrx_word' id='word_1_108' title='bbox 677 1885 724 1951; x_wconf 79' lang='lat' dir='ltr'><strong>cf.</strong></span> <span class='ocrx_word' id='word_1_109' title='bbox 747 1885 826 1952; x_wconf 82' lang='lat' dir='ltr'><strong>Sall.</strong></span> <span class='ocrx_word' id='word_1_110' title='bbox 849 1886 879 1950; x_wconf 93' lang='lat' dir='ltr'><strong>h.</strong></span> <span class='ocrx_word' id='word_1_111' title='bbox 901 1884 939 1950; x_wconf 83' lang='lat' dir='ltr'><strong>fr.</strong></span> <span class='ocrx_word' id='word_1_112' title='bbox 966 1889 992 1966; x_wconf 90' lang='lat'><strong>1,</strong></span> <span class='ocrx_word' id='word_1_113' title='bbox 1016 1872 1150 1950; x_wconf 69' lang='lat' dir='ltr'><strong>ooss-oa.</strong></span> 
     </span>
    </p>

    <p class='ocr_par' dir='ltr' id='par_1_6' title="bbox 246 1984 1438 3490">
     <span class='ocr_line' id='line_1_17' title="bbox 333 1984 1404 2071; baseline -0.005 -20"><span class='ocrx_word' id='word_1_114' title='bbox 333 1986 429 2071; x_wconf 88' lang='lat' dir='ltr'>Apud</span> <span class='ocrx_word' id='word_1_115' title='bbox 450 1986 656 2053; x_wconf 79' lang='lat' dir='ltr'><strong>Plutarchum</strong></span> <span class='ocrx_word' id='word_1_116' title='bbox 679 2007 749 2052; x_wconf 90' lang='lat' dir='ltr'><strong>cum</strong></span> <span class='ocrx_word' id='word_1_117' title='bbox 765 1986 918 2053; x_wconf 90' lang='lat' dir='ltr'><strong>traditum</strong></span> <span class='ocrx_word' id='word_1_118' title='bbox 933 1985 975 2052; x_wconf 88' lang='lat' dir='ltr'><strong>sit</strong></span> <span class='ocrx_word' id='word_1_119' title='bbox 989 1988 1156 2065; x_wconf 78' lang='grc' dir='ltr'><strong><em>Δομίτιον</em></strong></span> <span class='ocrx_word' id='word_1_120' title='bbox 1174 1985 1210 2049; x_wconf 78' lang='grc' dir='ltr'><strong>δὲ</strong></span> <span class='ocrx_word' id='word_1_121' title='bbox 1228 1987 1284 2049; x_wconf 81' lang='grc' dir='ltr'><strong>καὶ</strong></span> <span class='ocrx_word' id='word_1_122' title='bbox 1304 1984 1404 2048; x_wconf 83' lang='grc' dir='ltr'><strong><em>Λού-</em></strong></span> 
     </span>
     <span class='ocr_line' id='line_1_18' title="bbox 248 2087 1403 2174; baseline 0.002 -22"><span class='ocrx_word' id='word_1_123' title='bbox 248 2109 332 2164; x_wconf 88' lang='grc' dir='ltr'><strong><em>σιον,</em></strong></span> <span class='ocrx_word' id='word_1_124' title='bbox 357 2087 442 2155; x_wconf 83' lang='lat' dir='ltr'><strong>unde</strong></span> <span class='ocrx_word' id='word_1_125' title='bbox 465 2109 584 2170; x_wconf 82' lang='lat' dir='ltr'><strong>magna</strong></span> <span class='ocrx_word' id='word_1_126' title='bbox 605 2109 711 2154; x_wconf 89' lang='lat' dir='ltr'><strong>rerum</strong></span> <span class='ocrx_word' id='word_1_127' title='bbox 733 2088 931 2174; x_wconf 80' lang='lat' dir='ltr'><strong>perturbatio</strong></span> <span class='ocrx_word' id='word_1_128' title='bbox 954 2093 1066 2153; x_wconf 81' lang='lat' dir='ltr'><strong>exorta</strong></span> <span class='ocrx_word' id='word_1_129' title='bbox 1088 2094 1145 2171; x_wconf 91' lang='lat' dir='ltr'><strong>est,</strong></span> <span class='ocrx_word' id='word_1_130' title='bbox 1169 2087 1246 2169; x_wconf 89' lang='lat' dir='ltr'><strong>quia</strong></span> <span class='ocrx_word' id='word_1_131' title='bbox 1268 2087 1304 2165; x_wconf 76' lang='lat' dir='ltr'><strong>Q.</strong></span> <span class='ocrx_word' id='word_1_132' title='bbox 1322 2088 1403 2154; x_wconf 84' lang='lat' dir='ltr'><strong>an-</strong></span> 
     </span>
     <span class='ocr_line' id='line_1_19' title="bbox 249 2188 1403 2271; baseline 0.001 -17"><span class='ocrx_word' id='word_1_133' title='bbox 249 2189 314 2254; x_wconf 89' lang='lat' dir='ltr'><strong>cilii</strong></span> <span class='ocrx_word' id='word_1_134' title='bbox 328 2189 450 2254; x_wconf 88' lang='lat' dir='ltr'><strong>Metelli</strong></span> <span class='ocrx_word' id='word_1_135' title='bbox 471 2190 607 2270; x_wconf 71' lang='lat' dir='ltr'><strong>legatus</strong></span> <span class='ocrx_word' id='word_1_136' title='bbox 631 2207 725 2270; x_wconf 88' lang='lat' dir='ltr'><strong>quem</strong></span> <span class='ocrx_word' id='word_1_137' title='bbox 747 2211 821 2255; x_wconf 84' lang='lat' dir='ltr'><strong>mox</strong></span> <span class='ocrx_word' id='word_1_138' title='bbox 837 2190 1017 2270; x_wconf 88' lang='lat' dir='ltr'><strong>afferemus,</strong></span> <span class='ocrx_word' id='word_1_139' title='bbox 1038 2190 1296 2271; x_wconf 85' lang='lat' dir='ltr'><strong>intellegebatur,</strong></span> <span class='ocrx_word' id='word_1_140' title='bbox 1319 2188 1403 2255; x_wconf 83' lang='lat' dir='ltr'><strong>diffi-</strong></span> 
     </span>
     <span class='ocr_line' id='line_1_20' title="bbox 249 2289 1402 2372; baseline -0.003 -16"><span class='ocrx_word' id='word_1_141' title='bbox 249 2291 384 2356; x_wconf 85' lang='lat' dir='ltr'><strong>cultates</strong></span> <span class='ocrx_word' id='word_1_142' title='bbox 414 2309 525 2355; x_wconf 91' lang='lat' dir='ltr'><strong>omnes</strong></span> <span class='ocrx_word' id='word_1_143' title='bbox 553 2297 758 2356; x_wconf 87' lang='lat' dir='ltr'><strong>removentur</strong></span> <span class='ocrx_word' id='word_1_144' title='bbox 785 2290 847 2355; x_wconf 91' lang='lat' dir='ltr'><strong>hac</strong></span> <span class='ocrx_word' id='word_1_145' title='bbox 877 2291 1058 2356; x_wconf 87' lang='lat' dir='ltr'><strong>coniectura</strong></span> <span class='ocrx_word' id='word_1_146' title='bbox 1080 2295 1245 2372; x_wconf 80' lang='grc' dir='ltr'><strong><em>Δομέτιον</em></strong></span> <span class='ocrx_word' id='word_1_147' title='bbox 1269 2289 1306 2354; x_wconf 79' lang='grc' dir='ltr'><strong>δὲ</strong></span> <span class='ocrx_word' id='word_1_148' title='bbox 1331 2295 1402 2353; x_wconf 84' lang='grc' dir='ltr'><strong>Κα-</strong></span> 
     </span>
     <span class='ocr_line' id='line_1_21' title="bbox 247 2390 1401 2475; baseline 0.003 -22"><span class='ocrx_word' id='word_1_149' title='bbox 247 2390 389 2469; x_wconf 87' lang='grc' dir='ltr'><strong><em>λουῖνον,</em></strong></span> <span class='ocrx_word' id='word_1_150' title='bbox 413 2407 508 2470; x_wconf 88' lang='lat' dir='ltr'><strong>quam</strong></span> <span class='ocrx_word' id='word_1_151' title='bbox 531 2391 710 2475; x_wconf 88' lang='lat' dir='ltr'><strong>complures</strong></span> <span class='ocrx_word' id='word_1_152' title='bbox 733 2392 819 2458; x_wconf 92' lang='lat' dir='ltr'><strong>docti</strong></span> <span class='ocrx_word' id='word_1_153' title='bbox 840 2391 900 2456; x_wconf 88' lang='lat' dir='ltr'><strong>viri</strong></span> <span class='ocrx_word' id='word_1_154' title='bbox 915 2392 1142 2473; x_wconf 63' lang='lat' dir='ltr'><strong>invenernnta)</strong></span> <span class='ocrx_word' id='word_1_155' title='bbox 1179 2392 1401 2458; x_wconf 88' lang='lat' dir='ltr'><strong>Proconsulari</strong></span> 
     </span>
     <span class='ocr_line' id='line_1_22' title="bbox 247 2490 1402 2576; baseline 0.003 -21"><span class='ocrx_word' id='word_1_156' title='bbox 247 2490 381 2574; x_wconf 90' lang='lat' dir='ltr'><strong>imperio</strong></span> <span class='ocrx_word' id='word_1_157' title='bbox 404 2491 571 2557; x_wconf 77' lang='lat' dir='ltr'><strong>Calvinum</strong></span> <span class='ocrx_word' id='word_1_158' title='bbox 593 2492 691 2558; x_wconf 83' lang='lat' dir='ltr'><strong>fuisse</strong></span> <span class='ocrx_word' id='word_1_159' title='bbox 713 2513 778 2559; x_wconf 92' lang='lat' dir='ltr'><strong>non</strong></span> <span class='ocrx_word' id='word_1_160' title='bbox 799 2493 990 2559; x_wconf 75' lang='lat' dir='ltr'><strong>Plutarchus</strong></span> <span class='ocrx_word' id='word_1_161' title='bbox 1009 2493 1121 2575; x_wconf 89' lang='lat' dir='ltr'><strong>solum,</strong></span> <span class='ocrx_word' id='word_1_162' title='bbox 1145 2493 1199 2575; x_wconf 91' lang='lat' dir='ltr'><strong>qui</strong></span> <span class='ocrx_word' id='word_1_163' title='bbox 1222 2490 1402 2576; x_wconf 82' lang='grc' dir='ltr'><strong><em>ἀντιστρα-</em></strong></span> 
     </span>
     <span class='ocr_line' id='line_1_23' title="bbox 247 2590 1400 2678; baseline 0.004 -23"><span class='ocrx_word' id='word_1_164' title='bbox 247 2591 356 2677; x_wconf 75' lang='grc' dir='ltr'><strong><em>τήγων</em></strong></span> <span class='ocrx_word' id='word_1_165' title='bbox 387 2599 419 2658; x_wconf 89' lang='lat' dir='ltr'><strong>et</strong></span> <span class='ocrx_word' id='word_1_166' title='bbox 442 2590 642 2659; x_wconf 77' lang='grc' dir='ltr'><strong><em>ἀνθύπατον</em></strong></span> <span class='ocrx_word' id='word_1_167' title='bbox 665 2597 809 2662; x_wconf 88' lang='lat' dir='ltr'><strong>consulto</strong></span> <span class='ocrx_word' id='word_1_168' title='bbox 835 2594 998 2678; x_wconf 82' lang='lat' dir='ltr'><strong>distinxit,</strong></span> <span class='ocrx_word' id='word_1_169' title='bbox 1026 2596 1084 2660; x_wconf 86' lang='lat' dir='ltr'><strong>scd</strong></span> <span class='ocrx_word' id='word_1_170' title='bbox 1107 2595 1279 2661; x_wconf 84' lang='lat' dir='ltr'><strong>Sallustius</strong></span> <span class='ocrx_word' id='word_1_171' title='bbox 1301 2594 1400 2662; x_wconf 88' lang='lat' dir='ltr'><strong>etiam</strong></span> 
     </span>
     <span class='ocr_line' id='line_1_24' title="bbox 246 2693 1401 2780; baseline 0.001 -20"><span class='ocrx_word' id='word_1_172' title='bbox 246 2693 364 2762; x_wconf 84' lang='lat' dir='ltr'><strong>diserte</strong></span> <span class='ocrx_word' id='word_1_173' title='bbox 379 2694 475 2760; x_wconf 84' lang='lat' dir='ltr'><strong>dixit:</strong></span> <span class='ocrx_word' id='word_1_174' title='bbox 499 2694 684 2761; x_wconf 84' lang='lat' dir='ltr'><strong>‘Domitium</strong></span> <span class='ocrx_word' id='word_1_175' title='bbox 699 2698 920 2780; x_wconf 91' lang='lat' dir='ltr'><strong>proconsulem</strong></span> <span class='ocrx_word' id='word_1_176' title='bbox 936 2716 984 2761; x_wconf 86' lang='lat' dir='ltr'><strong>ex.</strong></span> <span class='ocrx_word' id='word_1_177' title='bbox 994 2695 1140 2762; x_wconf 79' lang='lat' dir='ltr'><strong>citeriore</strong></span> <span class='ocrx_word' id='word_1_178' title='bbox 1156 2696 1314 2780; x_wconf 87' lang='lat' dir='ltr'><strong>Hispania</strong></span> <span class='ocrx_word' id='word_1_179' title='bbox 1330 2717 1401 2764; x_wconf 92' lang='lat' dir='ltr'><strong>cum</strong></span> 
     </span>
     <span class='ocr_line' id='line_1_25' title="bbox 247 2793 1400 2880; baseline 0.002 -18"><span class='ocrx_word' id='word_1_180' title='bbox 247 2795 394 2862; x_wconf 90' lang='lat' dir='ltr'><strong>omnibus</strong></span> <span class='ocrx_word' id='word_1_181' title='bbox 415 2795 526 2880; x_wconf 92' lang='lat' dir='ltr'><strong>copiis,</strong></span> <span class='ocrx_word' id='word_1_182' title='bbox 549 2815 629 2877; x_wconf 91' lang='lat' dir='ltr'><strong>quas</strong></span> <span class='ocrx_word' id='word_1_183' title='bbox 651 2803 831 2880; x_wconf 87' lang='lat' dir='ltr'><strong>paraverat,</strong></span> <span class='ocrx_word' id='word_1_184' title='bbox 850 2796 1017 2861; x_wconf 86' lang='lat' dir='ltr'><strong>arcessivit</strong></span> <span class='ocrx_word' id='word_1_185' title='bbox 1032 2796 1089 2880; x_wconf 84' lang='lat' dir='ltr'><strong>(sc.</strong></span> <span class='ocrx_word' id='word_1_186' title='bbox 1106 2793 1326 2880; x_wconf 80' lang='lat' dir='ltr'><strong>Fufidius³)).’</strong></span> <span class='ocrx_word' id='word_1_187' title='bbox 1366 2799 1400 2864; x_wconf 88' lang='lat' dir='ltr'><strong>L.</strong></span> 
     </span>
     <span class='ocr_line' id='line_1_26' title="bbox 247 2896 1399 2984; baseline 0.003 -22"><span class='ocrx_word' id='word_1_188' title='bbox 247 2896 383 2980; x_wconf 78' lang='lat' dir='ltr'><strong>Cottam,</strong></span> <span class='ocrx_word' id='word_1_189' title='bbox 406 2898 500 2980; x_wconf 88' lang='lat' dir='ltr'><strong>quem</strong></span> <span class='ocrx_word' id='word_1_190' title='bbox 515 2896 705 2964; x_wconf 85' lang='lat' dir='ltr'><strong>Plutarchus</strong></span> <span class='ocrx_word' id='word_1_191' title='bbox 727 2905 963 2984; x_wconf 90' lang='lat' dir='ltr'><strong>propraetorem</strong></span> <span class='ocrx_word' id='word_1_192' title='bbox 986 2898 1084 2965; x_wconf 88' lang='lat' dir='ltr'><strong>fuisse</strong></span> <span class='ocrx_word' id='word_1_193' title='bbox 1104 2901 1175 2965; x_wconf 86' lang='lat' dir='ltr'><strong>vult</strong></span> <span class='ocrx_word' id='word_1_194' title='bbox 1189 2899 1276 2965; x_wconf 91' lang='lat' dir='ltr'><strong>haud</strong></span> <span class='ocrx_word' id='word_1_195' title='bbox 1292 2899 1399 2982; x_wconf 88' lang='lat' dir='ltr'><strong>dubie,</strong></span> 
     </span>
     <span class='ocr_line' id='line_1_27' title="bbox 246 2997 1400 3084; baseline 0.002 -21"><span class='ocrx_word' id='word_1_196' title='bbox 246 2999 343 3064; x_wconf 92' lang='lat' dir='ltr'><strong>miror</strong></span> <span class='ocrx_word' id='word_1_197' title='bbox 365 2997 451 3080; x_wconf 93' lang='lat' dir='ltr'><strong>quod</strong></span> <span class='ocrx_word' id='word_1_198' title='bbox 467 2998 700 3066; x_wconf 89' lang='lat' dir='ltr'><strong>Wehrmannus</strong></span> <span class='ocrx_word' id='word_1_199' title='bbox 722 2999 849 3065; x_wconf 89' lang='lat' dir='ltr'><strong>silentio</strong></span> <span class='ocrx_word' id='word_1_200' title='bbox 871 3000 1045 3084; x_wconf 89' lang='lat' dir='ltr'><strong>praeteriit.</strong></span> <span class='ocrx_word' id='word_1_201' title='bbox 1080 3001 1181 3080; x_wconf 79' lang='lat' dir='ltr'><strong>Quem</strong></span> <span class='ocrx_word' id='word_1_202' title='bbox 1206 3019 1400 3083; x_wconf 88' lang='lat' dir='ltr'><strong>quamquam</strong></span> 
     </span>
     <span class='ocr_line' id='line_1_28' title="bbox 246 3098 1401 3185; baseline 0.005 -22"><span class='ocrx_word' id='word_1_203' title='bbox 246 3098 422 3182; x_wconf 87' lang='lat' dir='ltr'><strong>Hispaniae</strong></span> <span class='ocrx_word' id='word_1_204' title='bbox 449 3100 626 3185; x_wconf 87' lang='lat' dir='ltr'><strong>praefuisse</strong></span> <span class='ocrx_word' id='word_1_205' title='bbox 653 3120 823 3185; x_wconf 84' lang='lat' dir='ltr'><strong>negamus,</strong></span> <span class='ocrx_word' id='word_1_206' title='bbox 853 3107 944 3166; x_wconf 83' lang='lat' dir='ltr'><strong>extra</strong></span> <span class='ocrx_word' id='word_1_207' title='bbox 969 3100 1113 3168; x_wconf 91' lang='lat' dir='ltr'><strong>ordinem</strong></span> <span class='ocrx_word' id='word_1_208' title='bbox 1136 3109 1244 3170; x_wconf 86' lang='lat' dir='ltr'><strong>tamen</strong></span> <span class='ocrx_word' id='word_1_209' title='bbox 1266 3123 1287 3168; x_wconf 90' lang='lat' dir='ltr'><strong>a</strong></span> <span class='ocrx_word' id='word_1_210' title='bbox 1309 3103 1401 3169; x_wconf 87' lang='lat' dir='ltr'><strong>Sulla</strong></span> 
     </span>
     <span class='ocr_line' id='line_1_29' title="bbox 247 3199 1438 3284; baseline 0.006 -19"><span class='ocrx_word' id='word_1_211' title='bbox 247 3199 342 3265; x_wconf 90' lang='lat' dir='ltr'><strong>classi</strong></span> <span class='ocrx_word' id='word_1_212' title='bbox 370 3201 567 3284; x_wconf 84' lang='lat' dir='ltr'><strong>praefectum</strong></span> <span class='ocrx_word' id='word_1_213' title='bbox 597 3221 634 3266; x_wconf 89' lang='lat' dir='ltr'><strong>eo</strong></span> <span class='ocrx_word' id='word_1_214' title='bbox 663 3201 795 3265; x_wconf 92' lang='lat' dir='ltr'><strong>missum</strong></span> <span class='ocrx_word' id='word_1_215' title='bbox 826 3221 896 3267; x_wconf 91' lang='lat' dir='ltr'><strong>esse</strong></span> <span class='ocrx_word' id='word_1_216' title='bbox 924 3221 1029 3268; x_wconf 90' lang='lat' dir='ltr'><strong>nonne</strong></span> <span class='ocrx_word' id='word_1_217' title='bbox 1051 3204 1231 3270; x_wconf 82' lang='lat' dir='ltr'><strong>concedes?</strong></span> <span class='ocrx_word' id='word_1_218' title='bbox 1265 3204 1400 3271; x_wconf 85' lang='lat' dir='ltr'><strong>Sertorii</strong></span> <span class='ocrx_word' id='word_1_219' title='bbox 1432 3262 1438 3272; x_wconf 85' lang='lat'><strong>.</strong></span> 
     </span>
     <span class='ocr_line' id='line_1_30' title="bbox 247 3301 1400 3388; baseline 0.005 -23"><span class='ocrx_word' id='word_1_220' title='bbox 247 3301 418 3384; x_wconf 85' lang='lat' dir='ltr'><strong>quaestori,</strong></span> <span class='ocrx_word' id='word_1_221' title='bbox 442 3320 534 3382; x_wconf 85' lang='lat' dir='ltr'><strong>quom</strong></span> <span class='ocrx_word' id='word_1_222' title='bbox 549 3301 740 3367; x_wconf 90' lang='lat' dir='ltr'><strong>Plutarchus</strong></span> <span class='ocrx_word' id='word_1_223' title='bbox 755 3301 871 3369; x_wconf 88' lang='lat' dir='ltr'><strong>vicisse</strong></span> <span class='ocrx_word' id='word_1_224' title='bbox 886 3301 972 3386; x_wconf 91' lang='lat' dir='ltr'><strong>dicit,</strong></span> <span class='ocrx_word' id='word_1_225' title='bbox 988 3325 1104 3372; x_wconf 91' lang='lat' dir='ltr'><strong>nomen</strong></span> <span class='ocrx_word' id='word_1_226' title='bbox 1119 3312 1188 3371; x_wconf 89' lang='lat' dir='ltr'><strong>erat</strong></span> <span class='ocrx_word' id='word_1_227' title='bbox 1202 3306 1369 3372; x_wconf 91' lang='lat' dir='ltr'><strong>Hirtuleio.</strong></span> <span class='ocrx_word' id='word_1_228' title='bbox 1375 3305 1400 3388; x_wconf 70' lang='grc'><strong>4)</strong></span> 
     </span>
     <span class='ocr_line' id='line_1_31' title="bbox 246 3401 1223 3490; baseline 0.006 -24"><span class='ocrx_word' id='word_1_229' title='bbox 246 3405 425 3467; x_wconf 84' lang='grc'><strong>675-662.</strong></span> <span class='ocrx_word' id='word_1_230' title='bbox 448 3402 486 3480; x_wconf 80' lang='lat' dir='ltr'><strong>Q.</strong></span> <span class='ocrx_word' id='word_1_231' title='bbox 509 3401 667 3469; x_wconf 79' lang='lat' dir='ltr'><strong>Caecilius</strong></span> <span class='ocrx_word' id='word_1_232' title='bbox 687 3403 837 3470; x_wconf 87' lang='lat' dir='ltr'><strong>Metellus</strong></span> <span class='ocrx_word' id='word_1_233' title='bbox 858 3405 936 3471; x_wconf 91' lang='lat' dir='ltr'><strong>Pius</strong></span> <span class='ocrx_word' id='word_1_234' title='bbox 957 3425 1080 3490; x_wconf 90' lang='lat' dir='ltr'><strong>procos.</strong></span> <span class='ocrx_word' id='word_1_235' title='bbox 1103 3408 1160 3472; x_wconf 89' lang='lat' dir='ltr'><strong>ult.</strong></span> <span class='ocrx_word' id='word_1_236' title='bbox 1183 3407 1223 3472; x_wconf 90' lang='lat' dir='ltr'><strong>H.</strong></span> 
     </span>
    </p>

    <p class='ocr_par' dir='ltr' id='par_1_7' title="bbox 399 3502 1482 3691">
     <span class='ocr_line' id='line_1_32' title="bbox 399 3502 1482 3592; baseline 0.007 -25"><span class='ocrx_word' id='word_1_237' title='bbox 399 3504 482 3569; x_wconf 87' lang='lat' dir='ltr'><strong>Plut.</strong></span> <span class='ocrx_word' id='word_1_238' title='bbox 498 3502 580 3568; x_wconf 77' lang='lat' dir='ltr'><strong>Seri.</strong></span> <span class='ocrx_word' id='word_1_239' title='bbox 600 3508 647 3569; x_wconf 91' lang='grc'><strong>12.</strong></span> <span class='ocrx_word' id='word_1_240' title='bbox 670 3506 728 3569; x_wconf 84' lang='grc' dir='ltr'><strong>καὶ</strong></span> <span class='ocrx_word' id='word_1_241' title='bbox 750 3503 926 3588; x_wconf 78' lang='grc' dir='ltr'><strong><em>Θωράνιον</em></strong></span> <span class='ocrx_word' id='word_1_242' title='bbox 950 3504 1049 3572; x_wconf 77' lang='grc' dir='ltr'><strong><em>ἄλλον</em></strong></span> <span class='ocrx_word' id='word_1_243' title='bbox 1074 3502 1219 3592; x_wconf 74' lang='grc' dir='ltr'><strong><em>ἡγεμόνα</em></strong></span> <span class='ocrx_word' id='word_1_244' title='bbox 1241 3513 1308 3574; x_wconf 78' lang='grc' dir='ltr'><strong>τῶν</strong></span> <span class='ocrx_word' id='word_1_245' title='bbox 1330 3504 1398 3574; x_wconf 75' lang='grc' dir='ltr'><strong>ὑπὸ</strong></span> <span class='ocrx_word' id='word_1_246' title='bbox 1481 3530 1482 3557; x_wconf 53' lang='lat' dir='ltr'><strong>l</strong></span> 
     </span>
     <span class='ocr_line' id='line_1_33' title="bbox 399 3603 1297 3691; baseline 0.01 -25"><span class='ocrx_word' id='word_1_247' title='bbox 399 3604 576 3667; x_wconf 81' lang='grc' dir='ltr'><strong><em>Μετέλλαν</em></strong></span> <span class='ocrx_word' id='word_1_248' title='bbox 599 3610 830 3691; x_wconf 71' lang='grc' dir='ltr'><strong><em>πεμφθέντων</em></strong></span> <span class='ocrx_word' id='word_1_249' title='bbox 851 3605 936 3688; x_wconf 83' lang='grc' dir='ltr'><strong><em>μετὰ</em></strong></span> <span class='ocrx_word' id='word_1_250' title='bbox 961 3606 1133 3689; x_wconf 79' lang='grc' dir='ltr'><strong><em>δυνάμεως</em></strong></span> <span class='ocrx_word' id='word_1_251' title='bbox 1156 3603 1297 3675; x_wconf 81' lang='grc' dir='ltr'><strong><em>ἀνεῖλεν.</em></strong></span> 
     </span>
    </p>
   </div>
   <div class='ocr_carea' id='block_1_3' title="bbox 246 3732 1482 4016">
    <p class='ocr_par' dir='ltr' id='par_1_8' title="bbox 246 3732 1482 4016">
     <span class='ocr_line' id='line_1_34' title="bbox 333 3732 1482 3841; baseline 0.008 -18"><span class='ocrx_word' id='word_1_252' title='bbox 333 3773 357 3834; x_wconf 91' lang='grc'><strong>1)</strong></span> <span class='ocrx_word' id='word_1_253' title='bbox 375 3767 534 3835; x_wconf 87' lang='lat' dir='ltr'><strong>Mommsen,</strong></span> <span class='ocrx_word' id='word_1_254' title='bbox 553 3769 667 3825; x_wconf 79' lang='lat' dir='ltr'><strong>Mhnzrr.</strong></span> <span class='ocrx_word' id='word_1_255' title='bbox 685 3788 712 3841; x_wconf 89' lang='lat' dir='ltr'><strong>p.</strong></span> <span class='ocrx_word' id='word_1_256' title='bbox 731 3778 781 3827; x_wconf 85' lang='lat'><strong>600</strong></span> <span class='ocrx_word' id='word_1_257' title='bbox 803 3790 831 3828; x_wconf 89' lang='lat' dir='ltr'><strong>n.</strong></span> <span class='ocrx_word' id='word_1_258' title='bbox 850 3777 908 3827; x_wconf 85' lang='grc'><strong>333.</strong></span> <span class='ocrx_word' id='word_1_259' title='bbox 995 3778 1020 3840; x_wconf 88' lang='grc'><strong>2)</strong></span> <span class='ocrx_word' id='word_1_260' title='bbox 1044 3773 1085 3828; x_wconf 85' lang='lat' dir='ltr'><strong>Oi.</strong></span> <span class='ocrx_word' id='word_1_261' title='bbox 1104 3775 1218 3830; x_wconf 87' lang='lat' dir='ltr'><strong>Dietsch</strong></span> <span class='ocrx_word' id='word_1_262' title='bbox 1236 3775 1271 3830; x_wconf 85' lang='lat' dir='ltr'><strong>sd</strong></span> <span class='ocrx_word' id='word_1_263' title='bbox 1289 3775 1354 3832; x_wconf 83' lang='lat' dir='ltr'><strong>Sall.</strong></span> <span class='ocrx_word' id='word_1_264' title='bbox 1373 3779 1400 3831; x_wconf 91' lang='lat' dir='ltr'><strong>h.</strong></span> <span class='ocrx_word' id='word_1_265' title='bbox 1481 3732 1482 3739; x_wconf 16' lang='lat' dir='ltr'><strong>l</strong></span> 
     </span>
     <span class='ocr_line' id='line_1_35' title="bbox 246 3852 1398 3928; baseline 0.008 -21"><span class='ocrx_word' id='word_1_266' title='bbox 246 3853 280 3907; x_wconf 87' lang='lat' dir='ltr'><strong>ir.</strong></span> <span class='ocrx_word' id='word_1_267' title='bbox 302 3858 321 3919; x_wconf 90' lang='lat' dir='ltr'><strong>l,</strong></span> <span class='ocrx_word' id='word_1_268' title='bbox 340 3856 381 3907; x_wconf 85' lang='grc'><strong>63.</strong></span> <span class='ocrx_word' id='word_1_269' title='bbox 409 3852 541 3921; x_wconf 80' lang='lat' dir='ltr'><strong>Borghesi</strong></span> <span class='ocrx_word' id='word_1_270' title='bbox 558 3852 593 3920; x_wconf 91' lang='lat' dir='ltr'><strong>II,</strong></span> <span class='ocrx_word' id='word_1_271' title='bbox 614 3859 653 3908; x_wconf 90' lang='grc'><strong>11.</strong></span> <span class='ocrx_word' id='word_1_272' title='bbox 680 3856 775 3923; x_wconf 84' lang='lat' dir='ltr'><strong>Lange</strong></span> <span class='ocrx_word' id='word_1_273' title='bbox 791 3857 824 3911; x_wconf 87' lang='lat' dir='ltr'><strong>R.</strong></span> <span class='ocrx_word' id='word_1_274' title='bbox 836 3858 869 3909; x_wconf 84' lang='lat' dir='ltr'><strong>A.</strong></span> <span class='ocrx_word' id='word_1_275' title='bbox 883 3857 930 3925; x_wconf 89' lang='lat' dir='ltr'><strong>III,</strong></span> <span class='ocrx_word' id='word_1_276' title='bbox 951 3862 1007 3913; x_wconf 83' lang='grc'><strong>116.</strong></span> <span class='ocrx_word' id='word_1_277' title='bbox 1035 3859 1185 3914; x_wconf 86' lang='lat' dir='ltr'><strong>Mommsen</strong></span> <span class='ocrx_word' id='word_1_278' title='bbox 1197 3859 1230 3914; x_wconf 88' lang='lat' dir='ltr'><strong>R.</strong></span> <span class='ocrx_word' id='word_1_279' title='bbox 1244 3860 1276 3915; x_wconf 86' lang='lat' dir='ltr'><strong>G.</strong></span> <span class='ocrx_word' id='word_1_280' title='bbox 1288 3860 1337 3928; x_wconf 82' lang='lat' dir='ltr'><strong>III,</strong></span> <span class='ocrx_word' id='word_1_281' title='bbox 1356 3866 1398 3916; x_wconf 83' lang='lat'><strong>21.</strong></span> 
     </span>
     <span class='ocr_line' id='line_1_36' title="bbox 246 3932 1482 4016; baseline 0.011 -27"><span class='ocrx_word' id='word_1_282' title='bbox 246 3936 387 3991; x_wconf 86' lang='lat' dir='ltr'><strong>Drumann</strong></span> <span class='ocrx_word' id='word_1_283' title='bbox 404 3933 451 4002; x_wconf 86' lang='lat' dir='ltr'><strong>IV,</strong></span> <span class='ocrx_word' id='word_1_284' title='bbox 466 3932 515 3992; x_wconf 79' lang='lat'><strong>355</strong></span> <span class='ocrx_word' id='word_1_285' title='bbox 534 3937 721 3994; x_wconf 87' lang='lat' dir='ltr'><strong>difficultatem</strong></span> <span class='ocrx_word' id='word_1_286' title='bbox 739 3956 794 3995; x_wconf 92' lang='lat' dir='ltr'><strong>non</strong></span> <span class='ocrx_word' id='word_1_287' title='bbox 812 3940 914 4009; x_wconf 80' lang='lat' dir='ltr'><strong>effugit,</strong></span> <span class='ocrx_word' id='word_1_288' title='bbox 932 3956 1019 4011; x_wconf 87' lang='lat' dir='ltr'><strong>neque</strong></span> <span class='ocrx_word' id='word_1_289' title='bbox 1036 3943 1201 4000; x_wconf 87' lang='lat' dir='ltr'><strong>Wehrmann</strong></span> <span class='ocrx_word' id='word_1_290' title='bbox 1219 3944 1238 3998; x_wconf 87' lang='lat' dir='ltr'><strong>f.</strong></span> <span class='ocrx_word' id='word_1_291' title='bbox 1256 3961 1299 4014; x_wconf 88' lang='lat' dir='ltr'><strong>pr.</strong></span> <span class='ocrx_word' id='word_1_292' title='bbox 1317 3963 1344 4016; x_wconf 88' lang='lat' dir='ltr'><strong>p.</strong></span> <span class='ocrx_word' id='word_1_293' title='bbox 1365 3951 1397 4002; x_wconf 88' lang='grc'><strong>33</strong></span> <span class='ocrx_word' id='word_1_294' title='bbox 1481 3938 1482 4003; x_wconf 64' lang='grc' dir='ltr'>ζ</span> 
     </span>
    </p>
   </div>
   <div class='ocr_carea' id='block_1_4' title="bbox 246 4020 1206 4095">
    <p class='ocr_par' dir='ltr' id='par_1_9' title="bbox 246 4020 1206 4095">
     <span class='ocr_line' id='line_1_37' title="bbox 246 4020 1206 4095; baseline 0.008 -20"><span class='ocrx_word' id='word_1_295' title='bbox 246 4020 365 4075; x_wconf 85' lang='lat' dir='ltr'><strong>offendit.</strong></span> <span class='ocrx_word' id='word_1_296' title='bbox 436 4025 461 4086; x_wconf 86' lang='lat'><strong>3)</strong></span> <span class='ocrx_word' id='word_1_297' title='bbox 480 4022 522 4078; x_wconf 79' lang='lat' dir='ltr'><strong>ct.</strong></span> <span class='ocrx_word' id='word_1_298' title='bbox 540 4022 574 4077; x_wconf 85' lang='lat' dir='ltr'><strong>ir.</strong></span> <span class='ocrx_word' id='word_1_299' title='bbox 594 4029 616 4088; x_wconf 92' lang='grc'><strong>1,</strong></span> <span class='ocrx_word' id='word_1_300' title='bbox 634 4028 667 4077; x_wconf 89' lang='grc'><strong>68</strong></span> <span class='ocrx_word' id='word_1_301' title='bbox 685 4029 712 4079; x_wconf 90' lang='lat' dir='ltr'><strong>et</strong></span> <span class='ocrx_word' id='word_1_302' title='bbox 732 4030 754 4092; x_wconf 88' lang='lat'><strong>1,</strong></span> <span class='ocrx_word' id='word_1_303' title='bbox 772 4030 813 4092; x_wconf 86' lang='lat'><strong>41,</strong></span> <span class='ocrx_word' id='word_1_304' title='bbox 833 4030 873 4079; x_wconf 83' lang='grc'><strong>21.</strong></span> <span class='ocrx_word' id='word_1_305' title='bbox 943 4031 969 4091; x_wconf 83' lang='grc'><strong>4)</strong></span> <span class='ocrx_word' id='word_1_306' title='bbox 986 4025 1067 4081; x_wconf 77' lang='lat' dir='ltr'><strong>Flor.</strong></span> <span class='ocrx_word' id='word_1_307' title='bbox 1080 4032 1103 4093; x_wconf 88' lang='lat'><strong>3,</strong></span> <span class='ocrx_word' id='word_1_308' title='bbox 1123 4032 1164 4095; x_wconf 81' lang='grc'><strong>22,</strong></span> <span class='ocrx_word' id='word_1_309' title='bbox 1183 4033 1206 4083; x_wconf 88' lang='grc'><strong>6.</strong></span> 
     </span>
    </p>
   </div>
   <div class='ocr_carea' id='block_1_5' title="bbox 0 0 1502 4784">
    <p class='ocr_par' dir='ltr' id='par_1_10' title="bbox 0 0 1502 4784">
     <span class='ocr_line' id='line_1_38' title="bbox 0 0 1502 4784; baseline 0 0"><span class='ocrx_word' id='word_1_310' title='bbox 0 0 1502 4784; x_wconf 95' lang='lat' dir='ltr'><strong> </strong></span> 
     </span>
    </p>
   </div>
  </div>
 </body>
</html>
