2996 4784
228 250 269 312 88
662 245 800 301 Detlevius
817 243 948 301 Wilsdori

229 425 271 491 de
293 423 388 491 rebus
411 443 431 489 a
453 442 488 490 sc
509 421 608 504 gestis
630 418 725 485 refert
748 425 780 484 et
801 418 897 503 paulo
915 424 989 501 post
1004 413 1220 500 triumphavit.
1228 414 1253 497 1)
1281 415 1407 484 Grac-

178 518 184 523 *
230 525 323 601 chum
345 524 479 590 duorum
502 523 697 588 tribunorum
718 520 846 585 illorum
869 525 991 603 patrem
1009 519 1058 583 bis
1081 518 1242 582 consulem
1264 536 1293 583 a.
1326 523 1404 583 577

230 635 262 693 et
285 629 342 690 591
369 633 402 692 et
424 643 586 691 censorem
609 643 637 689 a.
662 625 723 685 585
753 621 850 686 fuisse
872 639 965 685 nemo
988 618 1097 684 nescit.
1142 617 1279 684 Albinus
1304 638 1405 702 quo-

115 789 123 799 ,
231 748 292 810 que
322 728 487 794 consulatu
515 745 543 789 a.
569 727 624 788 581
660 729 692 788 et
720 722 881 805 legatione
906 720 1069 809 inpugna
1091 719 1254 802 Pydnensi
1277 723 1405 789 clarus

416 831 428 870 2

228 827 441 994 {actubesbtiti
468 928 540 1009 lege
561 926 685 992 Baebia
706 923 862 990 sancitum
885 930 949 1005 est,
979 928 1014 987 ut
1035 923 1166 990 alternis
1188 925 1279 991 annis
1305 945 1401 1007 qua-

229 1031 311 1096 terni
331 1032 494 1116 praetores
517 1025 738 1108 crearentur)

230 1135 408 1196 uro-578.
431 1130 473 1195 M.
496 1128 633 1195 Titinius
656 1125 830 1211 (Curvusll

367 1292 370 1307 ,
434 1232 471 1297 T.
494 1231 646 1297 Fonteius
670 1227 804 1314 Capito*

384 1331 452 1396 Liv.
476 1337 527 1413 41,
554 1336 601 1395 15.
630 1330 671 1395 M.
694 1329 859 1396 Cornelius
882 1327 990 1413 Scipio
1013 1328 1241 1413 Maluginensis
1265 1332 1396 1418 Hispa

382 1433 469 1501 niam
491 1432 674 1498 ulteriorem
696 1466 737 1476 —
760 1430 880 1495 habuit.
911 1428 974 1495 duo
997 1427 1160 1513 deprecati
1182 1440 1263 1514 sunt,
1287 1454 1331 1501 ne
1359 1436 1397 1502 in

327 1604 333 1616 ,
383 1535 565 1618 provincias
598 1534 695 1615 irent,
731 1532 773 1596 M.
804 1531 960 1616 Popillius
988 1533 1021 1598 in
1054 1519 1235 1598 Sardiniam
1268 1570 1313 1580 —
1346 1573 1395 1582 -

382 1636 418 1701 P.
440 1635 580 1701 Licinius
603 1635 736 1699 Crassus
758 1631 922 1698 sacrificiis
946 1652 981 1697 se
1003 1632 1150 1717 impediri
1173 1635 1395 1704 sollemnibus
1469 1662 1472 1671 ⁴

321 1737 325 1745 “
384 1736 576 1817 excusabat,
604 1755 644 1799 ne
672 1734 705 1799 in
734 1733 932 1816 provinciam
959 1734 1029 1799 iret.
1075 1734 1202 1801 citerior
1225 1735 1395 1822 Hispania

383 1838 567 1903 obvenerat.
623 1843 762 1901 ceterum
795 1841 850 1900 aut
882 1835 928 1900 ire
960 1836 1065 1902 iussus
1098 1841 1154 1901 aut
1185 1837 1290 1904 iurare
1326 1862 1393 1924 pro

384 1939 530 2006 contione
559 1937 706 2004 sollemni
735 1935 889 2002 sacrificio
917 1955 952 2001 se
981 1935 1153 2020 prohiberi.
1202 1938 1236 2003 id
1265 1941 1322 2006 ubi
1355 1943 1391 2009 in

382 2042 417 2106 P.
441 2040 563 2106 Licinio
584 2040 631 2105 ita
652 2044 804 2104 statutum
828 2044 890 2120 est,
918 2044 951 2102 et
972 2038 1013 2102 ab
1037 2057 1072 2102 se
1095 2039 1141 2103 uti
1162 2039 1392 2108 iusiurandum

383 2141 565 2225 acciperent
586 2140 627 2205 M.
652 2139 816 2206 Cornelius
845 2138 1035 2222 postulavit,
1066 2159 1107 2204 ne
1137 2139 1168 2203 in
1191 2139 1390 2226 Hispaniam

383 2242 567 2308 ulteriorem
589 2241 657 2307 iret.
694 2247 858 2324 praetores
880 2239 975 2305 ambo
998 2240 1030 2305 in
1054 2239 1167 2306 eadem
1183 2244 1284 2311 verba
1299 2246 1388 2314 iura·

382 2348 462 2409 runt.
508 2343 549 2408 M.
572 2342 709 2407 Titinius
732 2347 764 2406 et
785 2341 822 2404 T.
846 2339 998 2409 Fonteius
1023 2345 1229 2427 proconsules
1252 2366 1388 2412 manere

384 2464 454 2509 oum
471 2441 584 2510 eodem
598 2442 724 2536 imperii
738 2442 806 2507 iure
828 2441 861 2533 in
876 2441 1031 2527 Hispania
1044 2445 1131 2510 iussi.
1147 2482 1188 2490 —
1205 2445 1242 2510 cf.
1259 2445 1339 2515 Obs.
1357 2451 1387 2512 8.

317 2545 396 2612 (ium
419 2546 565 2612 hocloco
580 2543 621 2611 de
636 2565 719 2610 anno
736 2547 797 2608 578
813 2549 936 2628 agatur,
959 2550 1203 2612 consentaneum
1223 2555 1273 2612 est
1289 2569 1386 2632 prae·

229 2656 313 2715 tores
336 2648 466 2714 eosdem
489 2667 571 2713 anno
594 2643 799 2730 praecedenti
825 2644 996 2729 Hispanias
1023 2646 1206 2739 obtinuisse.
1252 2649 1303 2714 De
1324 2650 1385 2714 illo

230 2752 337 2817 autem
364 2769 447 2814 anno
475 2747 620 2822 Liviusu
649 2745 729 2821 nibil
758 2744 905 2829 perhibet
934 2745 994 2810 nisi
1023 2746 1119 2812 baec:
1152 2747 1194 2813 ‘et
1221 2750 1399 2832 legionem

230 2870 326 2919 unam
348 2870 418 2917 cum
442 2848 603 2930 equitibus
626 2847 774 2914 trecentis
797 2852 829 2910 et
847 2846 986 2927 quinque
1004 2847 1106 2913 millia
1119 2848 1264 2932 peditum
1280 2853 1384 2919 socio·

229 2972 297 3016 rum
328 2958 361 3016 et
388 2950 541 3016 ducentos
570 2948 800 3033 quinquaginta
829 2947 954 3014 mittere
984 2949 1107 3031 equites
1136 2950 1169 3015 in
1191 2951 1383 3036 Hispaniam

229 3052 375 3125 consules
410 3050 452 3116 ad
481 3051 521 3118 M.
551 3051 705 3117 Titinium
740 3049 842 3130 iussi'3
874 3047 914 3114 de
941 3049 1074 3117 Fonteio
1109 3058 1201 3118 tacet.
1257 3052 1382 3131 Quodsi

229 3151 320 3218 initio
342 3151 417 3217 anni
441 3156 501 3216 577
525 3153 568 3218 ad
590 3153 630 3216 M.
654 3149 809 3215 Titinium
832 3149 950 3216 milites
966 3140 1158 3234 mittuntur,
1187 3153 1251 3217 iam
1274 3156 1382 3239 priore

230 3273 312 3318 anno
336 3272 406 3317 eum
429 3253 475 3319 ibi
497 3252 595 3319 fuisse
617 3242 766 3336 oportet.
796 3250 892 3317 Cuius
914 3252 988 3318 anni
1014 3271 1065 3318 res
1088 3253 1217 3336 Livi05)
1239 3257 1381 3321 narranti

230 3354 361 3438 accidit,
389 3361 425 3421 ut
454 3375 523 3420 cum
547 3359 611 3420 tres
633 3358 755 3418 tantum
777 3361 940 3439 praetores
961 3354 1063 3438 primo
1087 3353 1139 3420 die
1161 3360 1287 3422 creatos
1309 3377 1380 3424 esse

229 3455 347 3522 nullius
369 3457 495 3522 nomine
517 3455 642 3520 adiecto
666 3453 810 3541 dixisset,
836 3460 963 3539 postero
988 3454 1040 3519 die
1062 3456 1103 3520 M.
1127 3456 1279 3522 Titinium
1302 3460 1378 3525 Our-

229 3575 305 3621 vum
327 3556 376 3622 Ti.
394 3557 562 3640 Claudium
584 3556 743 3623 Neronem
767 3559 804 3622 T.
821 3557 988 3622 Fonteium
1004 3557 1192 3640 Capitonem
1214 3566 1379 3643 praetores

228 3658 330 3724 iactos
353 3678 423 3725 esse
444 3661 561 3723 narret.
593 3657 831 3724 Provinciarum
854 3665 961 3723 autem
984 3658 1106 3725 sortitio
1128 3659 1218 3726 initio
1240 3662 1378 3745 proximi

893 1182 1006 1260 praett.
1034 1174 1207 1261 (procoss.)

317 3895 340 3954 l)
357 3888 414 3942 Liu.
433 3892 474 3953 41,
494 3892 508 3942 6
527 3904 566 3958 sq.
644 3895 669 3956 2)
687 3895 729 3957 42,
751 3897 771 3944 1.
790 3896 832 3958 44,
851 3897 891 3945 41.
968 3895 994 3956 3)
1012 3897 1054 3957 40,
1073 3898 1113 3947 44.
1133 3892 1167 3946 cf.
1186 3893 1271 3962 praef.
1289 3912 1315 3964 p.
1335 3900 1375 3949 70.

226 3976 356 4038 circs.
426 3976 573 4038 attona.
709 3988 713 3993 ·
