2996 4784
269 288 329 349 112
696 291 835 346 Detlevius
853 291 987 348 Wilsdorf

350 464 499 530 Crassum
521 463 743 548 proconsulem
764 462 840 529 inde
862 462 904 528 ab
919 483 1002 530 auno
1019 466 1079 528 658
1094 462 1223 528 demum
1237 463 1417 548 Hispaniae

175 640 181 648 ³
264 564 440 650 praefuisse
462 564 540 631 dicit
561 562 749 649 Langius¹);
772 564 830 629 sed
852 583 907 629 cur
929 584 992 629 non
1014 564 1078 629 iam
1101 563 1132 628 in
1155 565 1225 647 ipsc
1248 567 1417 634 consulatu

265 686 336 732 eam
352 665 630 750 administraverit,
643 686 706 731 ncn
721 684 852 749 possum
863 665 1053 750 perspicere.
1077 666 1161 731 Nam
1173 665 1298 731 etiamsi
1309 668 1416 749 legem

264 788 302 835 ec
325 788 409 834 anno
431 767 540 834 nescio
563 786 658 848 quam
681 767 797 849 tulerit,
821 786 885 849 qua
909 766 1005 833 dere
1027 788 1091 833 non
1113 773 1245 862 constat,
1270 789 1311 834 ne
1332 768 1415 835 alios

264 869 395 954 quidem
418 889 457 935 ea
477 887 529 935 res
551 872 652 935 totum
674 888 793 934 annum
814 867 981 951 retinebat,
1007 874 1160 952 utsupra
1182 868 1414 953 demonstravi-
1475 900 1476 903 ¹

264 969 375 1052 muel)
425 969 650 1053 Triumphauit
677 975 785 1035 autem
814 968 928 1036 eodem
956 989 1038 1035 anno
1068 988 1130 1050 quc
1160 970 1198 1034 T.
1223 969 1355 1055 Didius,
1385 977 1416 1039 et

263 1071 366 1155 pridie
394 1070 524 1153 quidem
552 1069 629 1137 Idus
657 1072 741 1153 lum,
771 1070 865 1134 utin
893 1070 984 1136 fastis
1014 1071 1260 1155 triumphalibus
1287 1073 1414 1157 legitur.

264 1172 320 1240 Cn.
343 1173 492 1240 Plancius
522 1193 619 1254 eques
641 1172 802 1238 Romanus
829 1171 862 1236 in
891 1170 1033 1237 exercitu
1061 1173 1129 1239 eius
1157 1173 1318 1239 militabat
1329 1173 1356 1257 3)
1386 1180 1416 1241 et

264 1273 390 1340 Marcus
420 1273 505 1340 tilius
527 1274 699 1340 Plutarcho
709 1272 735 1355 4)
764 1277 893 1340 auctore
919 1269 956 1349 ἐς
975 1269 1118 1358 Ἰβηρίαν
1141 1273 1244 1361 ἔφανε
1267 1273 1414 1359 γεγονώς

264 1372 371 1440 πάλαι
394 1381 660 1460 στρατηγοῦντος
682 1381 742 1438 τοῦ
765 1372 896 1457 πατρὸς
914 1370 1040 1438 αὐτόθι
1056 1376 1112 1439 καὶ
1129 1377 1250 1460 φίλους
1265 1400 1415 1463 πεποιη-

264 1480 375 1558 μένος.
420 1476 527 1543 Crassi
550 1494 676 1558 quoque
699 1482 826 1542 exstant
847 1476 968 1542 nummi
989 1476 1259 1562 Hispaniensem)

264 1581 335 1644 661.
359 1576 393 1643 C.
416 1578 562 1645 Valerius
584 1579 719 1644 Flaccus
742 1597 805 1643 cos.

359 1680 394 1745 P.
419 1679 585 1745 Cornelius
608 1680 716 1763 Scipio
737 1677 859 1746 Nasica
880 1684 980 1762 praet.

416 1780 498 1864 App.
515 1781 561 1845 lb.
584 1784 652 1845 100.
676 1777 778 1844 πάλιν
802 1778 839 1843 δὲ
862 1785 928 1842 τῶν
952 1778 1167 1864 Κελτιβήρων
1192 1777 1412 1848 ἀποστάντων

419 1878 575 1957 Φλάκκος
590 1879 829 1966 ἐπιπεμφθεὶς
846 1879 972 1965 ’ἔκτεινε
990 1878 1201 1963 δισμυρίους·
1221 1879 1257 1947 ἓν
1274 1880 1311 1948 δὲ
1330 1884 1415 1950 Βελ-

331 1986 333 1995 ‘
416 1968 502 2067 ηἶήόη
532 1979 634 2046 πόλει
664 1976 681 2045 ὁ
710 1981 771 2063 μὲν
804 1982 910 2067 δῆμος
937 1979 973 2057 ἐς
1002 1977 1194 2047 ἀπόστασιν
1218 1977 1333 2066 ὁρμῶν
1356 1983 1413 2071 τὴν

416 2081 541 2169 βουλὴν
565 2079 729 2148 ὀκνοῦσαν
753 2081 947 2170 ἐπέπρησεν
970 2079 1060 2168 αὐτῷ
1079 2083 1317 2170 βουλευτηρίῳ,
1344 2081 1412 2152 ὅδὲ

420 2182 575 2261 Φλάκκος
598 2181 757 2249 ἐπελθών
781 2182 908 2249 ἔκτεινε
931 2182 1010 2260 τοὺς
1033 2182 1171 2261 αἰτίους.

416 2285 557 2367 Obsequ.
576 2290 625 2350 51.
648 2305 706 2369 per
727 2284 879 2349 Nasicam
899 2284 1074 2370 Hispaniae
1096 2286 1266 2373 principes,
1290 2291 1347 2370 qui
1368 2309 1412 2356 re·

417 2387 590 2468 bellabant,
614 2386 771 2470 supplicio
794 2386 971 2471 consumpti
992 2386 1124 2453 urbibus
1146 2387 1268 2455 dirutis.

351 2476 522 2556 Consmem
550 2488 641 2554 illum
669 2488 817 2553 Flaccum
845 2486 943 2554 tuisse
971 2488 1138 2571 probabile
1167 2494 1230 2571 est,
1263 2494 1413 2571 quoniam

263 2592 429 2678 Appianus
452 2592 639 2672 cognomine
661 2591 729 2655 solo
753 2610 825 2655 eum
847 2587 1027 2673 significare
1045 2589 1124 2656 satis
1139 2590 1259 2657 habuit.
1296 2592 1413 2660 Verum
1481 2588 1482 2681 l

263 2699 372 2760 tamen
394 2692 435 2759 dc
450 2691 525 2757 anni
541 2695 602 2757 668
619 2691 747 2756 consule
762 2689 930 2774 quominus
945 2690 1075 2773 cogites,
1096 2689 1130 2755 id
1146 2691 1304 2775 prohibet,
1329 2692 1414 2778 qnod
1481 2698 1482 2713 ³

262 2795 360 2877 paulo
382 2797 455 2878 post
475 2790 692 2876 Appianus⁶):
712 2788 821 2876 χρόνῳ
845 2788 878 2854 δ’
903 2787 1054 2875 ὕστερον,
1077 2792 1189 2876 inquit,
1213 2793 1413 2875 στασιαζόν-

262 2919 328 2959 των
358 2894 424 2958 ario
453 2892 488 2958 iv
509 2886 615 2978 Ῥώμη
645 2887 752 2956 Σύλλα
781 2917 818 2958 τε
849 2894 907 2957 καὶ
932 2896 1048 2957 Κίννα.
1093 2894 1182 2960 Duos
1211 2915 1311 2961 annos
1343 2916 1413 2963 eum

233 3018 236 3025 ’
262 2996 447 3081 provinciae
475 2993 650 3079 praefuisse
678 3015 719 3061 ex
740 2995 995 3062 inveterascente
1017 2995 1140 3061 ratione
1162 2996 1306 3063 conicere
1328 2998 1412 3080 licet,

263 3097 321 3163 sed
344 3096 496 3163 traditum
519 3101 568 3164 est
590 3094 632 3162 de
654 3096 771 3161 Flacco
793 3115 922 3179 prorsus
943 3095 1063 3176 nihili)
1098 3096 1264 3162 Ultericris
1285 3099 1412 3182 provin·

263 3198 332 3265 ciac
353 3197 528 3282 imperator
550 3197 633 3262 alius
655 3215 725 3261 esse
747 3215 810 3260 non
832 3201 937 3280 potest
959 3194 1022 3261 nisi
1044 3196 1078 3262 L.
1094 3196 1208 3263 Licinii
1223 3194 1331 3266 Crassi
1347 3198 1411 3267 Sci·

239 3299 366 3386 'pionis
389 3305 481 3384 pater
502 3298 587 3380 eius,
612 3316 706 3377 quem
729 3317 770 3361 ex
792 3296 915 3362 Licinia
935 3294 1003 3361 filia
1024 3315 1083 3362 sua
1107 3305 1257 3381 nepotem
1280 3300 1412 3367 Crassus

262 3408 368 3468 orator
396 3398 579 3484 adoptavit,
609 3404 640 3463 et
669 3397 754 3465 idem
776 3404 868 3483 pater
888 3396 925 3476 Q.
948 3397 1079 3463 Caecilii
1099 3398 1221 3465 Metelli
1243 3400 1411 3486 Scipionis,

263 3519 358 3583 quem
385 3502 425 3579 Q.
448 3499 607 3565 Caecilius
635 3499 782 3567 Metellus
810 3499 887 3565 Pius
915 3498 1122 3583 adoptares)
1167 3500 1269 3579 Quem
1298 3524 1328 3569 a.
1352 3504 1411 3567 660

262 3602 297 3667 in
324 3601 482 3685 Hispania
508 3599 608 3665 fuisse
634 3621 675 3666 ex
703 3599 917 3686 Obsequentis
945 3600 1053 3667 verbis
1082 3635 1123 3645 -
1152 3601 1299 3686 prodigia
1329 3602 1411 3669 enim

263 3701 341 3768 fiunt
364 3701 397 3766 C.
421 3699 531 3767 Caelio
554 3702 588 3767 L.
604 3703 745 3770 Domitio
769 3702 950 3771 consulibus
972 3737 1008 3746 ·-
1032 3707 1118 3767 recte
1140 3702 1409 3786 concluderemus,

350 3855 374 3912 tl
392 3849 425 3904 R.
444 3851 477 3903 A.
493 3849 542 3918 ΙΠ,
563 3856 619 3906 112.
690 3856 715 3918 2)
734 3852 773 3906 01.
792 3869 819 3922 p.
838 3857 893 3918 111,
911 3851 972 3906 adn.
992 3856 1013 3905 1.
1086 3854 1113 3915 3)
1132 3850 1188 3905 Cic.
1200 3850 1292 3906 Plane.
1314 3855 1352 3918 13,
1370 3853 1409 3905 31.

262 3936 428 4002 4)ουαευ.4.
478 3930 800 4005 Ἐλῦἰ.ρ.111,αᾶιι.5.
860 3940 887 4002 6)
903 3935 943 3990 Ib.
957 3939 1013 3989 101.
1075 3932 1410 4004 7)Ναωὶᾱαιοοοίαροιί

263 4019 317 4075 Cic.
336 4019 412 4075 Balb.
431 4025 472 4087 24,
490 4022 541 4076 55?
613 4023 638 4086 8)
657 4019 703 4075 Cic
725 4021 758 4075 dc
775 4036 815 4076 cr.
835 4023 860 4087 3,
879 4024 919 4087 33,
934 4024 988 4074 131,
1008 4024 1031 4087 3,
1042 4023 1065 4086 2,
1077 4024 1100 4074 8.
1128 4020 1188 4075 Sex.
1207 4019 1289 4075 Rure.
1309 4026 1350 4088 28,
1368 4022 1408 4072 11.
