2996 4784
411 327 475 383 fasti
491 327 684 396 Hispaniarum
701 328 907 398 ptorincierum.
1195 330 1238 392 99

82 496 197 563 Livius
218 510 282 563 non
304 494 466 564 contendit
486 498 562 564 inde
582 499 625 563 ab
647 498 738 565 initio
761 498 838 566 belli
851 499 1030 567 Viriathum
1051 503 1239 588 inutraque

82 597 249 685 prouincia
269 610 442 683 pugnasse,
464 601 561 666 immo
583 600 616 665 in
638 599 785 666 citeriore
808 600 927 668 bellum
948 604 1108 670 6661νί666
1125 624 1159 670 a.
1180 605 1239 673 de-

83 714 171 766 mam
201 704 261 765 611
291 699 457 785 Appianus
469 701 494 785 ¹)
524 701 635 784 refert3
671 700 788 768 deinde
817 702 846 767 si
872 703 1034 770 Diodorus
1059 703 1238 770 Viriathum

84 820 148 869 non
169 805 246 868 ante
267 800 455 868 Corinthum
477 810 605 886 captam
620 810 856 888 commemorat,
878 824 943 870 non
958 803 1036 871 ideo
1047 805 1237 872 6661661661

85 901 127 968 de
147 910 293 988 tempore
315 902 424 984 utiqae
439 903 617 988 posteriore
632 905 703 997 sgi3
726 904 823 971 immo
839 904 1001 971 Diodorus
1015 922 1067 972 ros
1081 906 1114 972 im
1126 898 1239 974 611166

85 997 122 1069 61
144 1003 178 1069 16
208 1002 345 1069 Graecia
373 1009 484 1087 gestas
512 1007 681 1072 absolvere
711 1005 867 1088 voluisse,
897 1025 980 1073 nouo
1008 1006 1091 1073 libro
1118 1028 1238 1075 novum

83 1105 206 1170 bellum
235 1105 331 1170 altitu
360 1104 457 1189 paulo
487 1107 655 1191 repetiisse
685 1107 867 1192 videturil,
894 1124 999 1189 neque
1028 1109 1133 1190 potuit
1157 1109 1186 1176 is
1208 1130 1238 1175 6.

85 1205 214 1272 demum
237 1208 298 1270 608
321 1206 442 1271 bellum
463 1206 546 1274 illud
567 1216 670 1276 citum
693 1226 764 1276 esse
779 1208 972 1291 existimare,
995 1208 1050 1289 qui
1071 1226 1172 1291 usque
1194 1209 1237 1276 ad

84 1307 222 1372 Viriathi
244 1310 379 1373 mortem
401 1328 430 1373 6.
443 1312 508 1373 615
531 1324 632 1376 annos
654 1309 801 1376 undecim
819 1309 1038 1375 ratiocinando
1054 1300 1237 1393 effeceriti)

84 1406 191 1475 Orosii
213 1413 321 1473 autem
341 1408 371 1474 si
384 1409 567 1477 testimonio
582 1411 641 1476 niti
654 1411 812 1492 volumus,
834 1410 888 1491 qui
905 1430 983 1476 sane
998 1409 1090 1476 dictu
1113 1408 1236 1478 iisdem

84 1508 287 1590 consulibus’,
310 1509 341 1574 h.
358 1530 385 1576 e.
401 1528 464 1591 quo
487 1530 571 1579 anno
589 1511 749 1597 Carthago
772 1518 805 1576 et
818 1511 994 1577 ‘Corinthus
1016 1511 1142 1578 deletae
1164 1513 1237 1595 sint,

82 1608 255 1676 ‘Viriathus
283 1610 437 1678 Romanis
465 1613 607 1679 maximo
635 1613 748 1679 terrori
773 1611 853 1696 fuit’,
884 1605 1009 1679 deinde
1027 1613 1236 1698 imperatores

83 1710 252 1793 Vetilium,
281 1712 462 1797 Plautium,
492 1713 661 1780 Claudium
687 1714 880 1780 Unimanum
906 1714 1062 1797 appellat:
1092 1735 1132 1781 ne
1160 1713 1237 1782 inde

61 1811 214 1894 ‘qudem
236 1833 265 1878 a.
288 1816 350 1878 668
373 1804 511 1899 primum
525 1815 704 1882 Viriathum
726 1826 887 1900 pugnasse
910 1814 1083 1880 concedam
1105 1835 1236 1884 neccsse

83 1920 142 1980 est.
178 1913 246 1980 Sed
267 1913 296 1980 si
318 1915 388 1996 quis
411 1915 488 1981 belli
510 1916 635 1982 initium
657 1924 725 1982 tum
745 1917 846 1981 inisse
868 1916 989 1998 statuit,
1011 1915 1085 1982 ideo
1100 1917 1237 1985 fortasse

84 2015 171 2098 fecit,
194 2014 278 2096 quod
300 2035 330 2080 a.
347 2019 407 2080 669
431 2017 589 2083 consulari
610 2017 743 2102 imperio
766 2021 863 2097 atque
882 2015 1026 2081 exercitu
1048 2018 1235 2084 altemanis

85 2116 205 2182 bellurn
226 2123 406 2202 susceptum
429 2123 487 2184 est.
531 2119 689 2202 Tertium,
719 2117 805 2200 quod
830 2116 873 2183 ad
894 2128 1049 2182 annorum
1068 2126 1240 2184 numerum·

83 2216 208 2301 attinet,
230 2216 366 2284 Diodori
386 2220 542 2286 rationem
564 2219 630 2286 iam
646 2218 853 2301 ostendimus,
875 2238 895 2284 a
917 2236 981 2298 qua
1000 2216 1165 2301 paululum
1187 2239 1235 2285 re·

83 2318 200 2387 cedunt
220 2318 399 2397 16116664)
422 2326 454 2385 61
467 2320 609 2387 Velleius
620 2320 661 2406 5),
683 2321 738 2402 qui
761 2319 874 2387 decem
895 2318 1235 2404 praebent;·Livius⁶)

84 2427 115 2488 et
138 2421 193 2502 qui
216 2432 289 2486 eum
319 2422 556 2506 exscripserunt
567 2421 592 2497 ⁷)
620 2442 693 2487 cum
717 2421 971 2502 quattuordecim
998 2419 1142 2503 tradunt,
1171 2441 1235 2488 non

82 2534 213 2606 prorsus
243 2521 317 2586 falsi
345 2528 433 2606 sunt,
462 2523 581 2606 quippe
604 2523 659 2604 qui
681 2523 801 2598 bellum
822 2528 924 2588 totum
945 2521 988 2586 ab
1010 2541 1039 2586 6.
1062 2527 1140 2602 661,
1171 2543 1234 2607 quo

82 2625 221 2709 primum
245 2622 358 2688 consul
386 2621 420 2687 in
441 2622 631 2707 Hispaniam
656 2623 774 2688 missus
797 2629 859 2706 est,
888 2628 1042 2707 repetant.
1087 2623 1235 2703 Denique

8 2798 9 2805 ,
81 2731 266 2810 praetorum
288 2740 437 2789 numerus
458 2724 533 2808 plus
553 2720 664 2790 valere
685 2724 813 2790 videtur
837 2743 934 2806 quam
954 2740 1124 2805 annorum,
1154 2742 1234 2805 quos

81 2820 166 2892 'alius
188 2824 282 2890 aliter
303 2823 521 2891 ratiocinando
544 2832 715 2910 computat.
759 2824 856 2891 Nullo
878 2843 955 2891 vero
977 2830 1072 2908 pacto
1094 2825 1177 2908 licet,
1200 2825 1234 2891 id

83 2924 169 3007 quod
190 2925 390 2990 Mommseno
411 2925 536 3007 accidit,
559 2932 624 2991 tres
645 2932 808 3011 praetores
830 2925 885 2990 uni
903 2943 986 2990 anno
998 2916 1151 3007 tribuere,
1172 2925 1234 2991 nisi

8 3032 10 3099 1
82 3027 161 3095 certi
189 3024 351 3111 scriptoris
379 3025 593 3092 testimonium
622 3031 751 3111 praesto
779 3033 837 3092 est.
887 3024 926 3090 Id
954 3025 1040 3092 enim
1067 3025 1233 3111 Appianus

83 3129 202 3195 diserte
216 3126 298 3192 dixit
312 3126 471 3192 Plautium
483 3127 669 3212 Hypsaeum
684 3133 758 3212 post
772 3130 930 3194 mortuum
940 3125 1091 3192 Vetilium
1101 3127 1233 3194 missum

82 3240 287 3258 -haeu--u—-u-

170 3298 195 3359 1)
211 3291 253 3346 Ib.
278 3296 319 3346 66.
343 3298 488 3360 postquam
509 3293 541 3362 Q.
562 3292 665 3347 Fabius
687 3293 853 3347 Aemilianus
880 3293 980 3346 bellum
1006 3296 1116 3347 strenue
1141 3294 1232 3361 gessit.

8 3442 9 3445 Ἴ
83 3381 105 3443 1)
124 3376 220 3441 31,11.
232 3380 273 3442 33,
286 3381 308 3428 1.
328 3376 429 3431 Similia
447 3378 570 3445 exempla
588 3374 695 3446 collegit
705 3374 823 3430 Diodori
834 3368 875 3430 ed.
886 3374 966 3431 Diod.
975 3376 1027 3430 vol.
1038 3372 1070 3442 V,
1078 3392 1105 3445 p.
1116 3370 1162 3430 111
1175 3393 1231 3446 sqq.

83 3466 106 3527 3)
124 3460 167 3529 33,
186 3462 240 3513 111.
317 3465 344 3523 4)
363 3466 405 3526 14,
423 3466 447 3516 1.
527 3462 552 3526 5)
572 3464 597 3524 1,
615 3464 656 3527 90,
675 3464 705 3527 3,
723 3460 776 3516 nisi
793 3460 885 3527 viginti
902 3474 963 3513 eum
981 3456 1122 3528 scripsisse
1139 3456 1232 3526 mavis,

82 3558 134 3614 quo
153 3552 279 3611 numero,
294 3545 321 3599 61
339 3543 438 3599 bellum
455 3544 651 3601 Numantinum
673 3545 874 3614 computatione
892 3542 1102 3611 complectimur,
1119 3542 1148 3597 iri
1165 3554 1232 3598 eun·

82 3629 141 3685 dam
159 3644 261 3684 annum
276 3629 489 3697 selducorum,
508 3644 587 3697 quem
604 3628 697 3683 Livius
713 3628 834 3697 praebet,
851 3627 1012 3682 reducimur.
1047 3625 1082 3681 ci.
1101 3627 1189 3684 Strab.
1209 3634 1233 3695 31

82 3718 167 3778 4,13.
238 3717 384 3782 166654.
455 3713 620 3780 stitutus,
641 3718 679 3766 16.
715 3713 792 3768 Oros.
811 3718 835 3778 6,
853 3719 877 3765 4.
909 3712 981 3766 Flor.
1000 3716 1024 3778 1,
1044 3716 1084 3778 11,
1104 3718 1144 3767 15.
1163 3713 1233 3781 Quid

83 3797 293 3862 6161661111616,
312 3798 383 3866 quod
401 3798 495 3852 scribit
513 3796 672 3867 Olyndicum
690 3786 768 3851 initio
786 3796 850 3851 belli
862 3795 987 3849 Lusitani
1004 3798 1095 3850 castra
1113 3797 1231 3852 consulis

83 3895 239 3950 eggressum
260 3896 335 3948 esse,
358 3896 445 3951 neque
466 3879 540 3949 apud
561 3881 677 3937 editores
700 3880 864 3950 explicatum
885 3878 975 3933 inveni
997 3894 1084 3948 neque
1106 3876 1165 3949 ipse
1185 3879 1231 3946 (ci.

84 3979 110 4034 p,
123 3969 166 4031 31,
185 3965 287 4025 61166)
305 3965 372 4022 satis
389 3966 525 4036 explicare
542 3965 628 4034 potui.
654 3966 729 4021 ldem
747 3965 810 4019 belli
827 3960 986 4018 Numantini
1003 3976 1090 4019 annos
1108 3964 1233 4020 undecim

83 4062 243 4104 enumerans
261 4052 296 4117 (2,
316 4055 356 4117 18,
374 4053 401 4117 1)
418 4050 509 4105 666616
527 4064 563 4103 an
579 4046 760 4104 Viriathinum
778 4044 877 4103 bellum
896 4051 924 4102 et
939 4046 1006 4102 illud
1024 4049 1179 4105 confundat.

992 4151 1030 4202 7*
