<?xml version="1.0" encoding="UTF-8"?>
<!DOCTYPE html PUBLIC "-//W3C//DTD XHTML 1.0 Transitional//EN"
    "http://www.w3.org/TR/xhtml1/DTD/xhtml1-transitional.dtd">
<html xmlns="http://www.w3.org/1999/xhtml" xml:lang="en" lang="en">
 <head>
  <title>
</title>
<meta http-equiv="Content-Type" content="text/html;charset=utf-8" />
  <meta name='ocr-system' content='tesseract 3.04.00' />
  <meta name='ocr-capabilities' content='ocr_page ocr_carea ocr_par ocr_line ocrx_word'/>
</head>
<body>
  <div class='ocr_page' id='page_1' title='image "./fastihispaniaru00wilsgoog_0084.png"; bbox 0 0 2996 4784; ppageno 0'>
   <div class='ocr_carea' id='block_1_1' title="bbox 424 290 1243 364">
    <p class='ocr_par' dir='ltr' id='par_1_1' title="bbox 424 290 1243 364">
     <span class='ocr_line' id='line_1_1' title="bbox 424 290 1243 364; baseline 0.002 -17"><span class='ocrx_word' id='word_1_1' title='bbox 424 294 490 349; x_wconf 86' lang='lat' dir='ltr'><strong>lasti</strong></span> <span class='ocrx_word' id='word_1_2' title='bbox 506 293 700 363; x_wconf 78' lang='lat' dir='ltr'><strong>Hispaniarum</strong></span> <span class='ocrx_word' id='word_1_3' title='bbox 717 291 923 364; x_wconf 84' lang='lat' dir='ltr'><strong>provinciarum.</strong></span> <span class='ocrx_word' id='word_1_4' title='bbox 1183 290 1243 351; x_wconf 83' lang='lat'><strong>135</strong></span> 
     </span>
    </p>
   </div>
   <div class='ocr_carea' id='block_1_2' title="bbox 19 462 1248 1155">
    <p class='ocr_par' dir='ltr' id='par_1_2' title="bbox 19 462 1248 1155">
     <span class='ocr_line' id='line_1_2' title="bbox 182 462 1247 549; baseline -0.002 -18"><span class='ocrx_word' id='word_1_5' title='bbox 182 464 322 549; x_wconf 77' lang='lat' dir='ltr'>Lepidus</span> <span class='ocrx_word' id='word_1_6' title='bbox 345 466 456 532; x_wconf 90' lang='lat' dir='ltr'><strong>consul</strong></span> <span class='ocrx_word' id='word_1_7' title='bbox 477 467 580 531; x_wconf 86' lang='lat' dir='ltr'><strong>factus</strong></span> <span class='ocrx_word' id='word_1_8' title='bbox 603 466 724 532; x_wconf 89' lang='lat' dir='ltr'><strong>Romae</strong></span> <span class='ocrx_word' id='word_1_9' title='bbox 746 463 914 545; x_wconf 81' lang='lat' dir='ltr'><strong>remansit,</strong></span> <span class='ocrx_word' id='word_1_10' title='bbox 940 462 1016 530; x_wconf 93' lang='lat' dir='ltr'><strong>dum</strong></span> <span class='ocrx_word' id='word_1_11' title='bbox 1038 463 1193 531; x_wconf 90' lang='lat' dir='ltr'><strong>Antonius</strong></span> <span class='ocrx_word' id='word_1_12' title='bbox 1215 471 1247 532; x_wconf 93' lang='lat' dir='ltr'><strong>et</strong></span> 
     </span>
     <span class='ocr_line' id='line_1_3' title="bbox 94 563 1248 651; baseline -0.001 -19"><span class='ocrx_word' id='word_1_13' title='bbox 94 565 290 634; x_wconf 87' lang='lat' dir='ltr'><strong>Octavianus</strong></span> <span class='ocrx_word' id='word_1_14' title='bbox 307 567 424 633; x_wconf 92' lang='lat' dir='ltr'><strong>bellum</strong></span> <span class='ocrx_word' id='word_1_15' title='bbox 441 573 550 633; x_wconf 89' lang='lat' dir='ltr'><strong>contra</strong></span> <span class='ocrx_word' id='word_1_16' title='bbox 564 566 696 632; x_wconf 80' lang='lat' dir='ltr'><strong>Brutum</strong></span> <span class='ocrx_word' id='word_1_17' title='bbox 709 573 740 631; x_wconf 92' lang='lat' dir='ltr'><strong>et</strong></span> <span class='ocrx_word' id='word_1_18' title='bbox 756 565 901 632; x_wconf 85' lang='lat' dir='ltr'><strong>Cassium</strong></span> <span class='ocrx_word' id='word_1_19' title='bbox 915 563 1107 650; x_wconf 79' lang='lat' dir='ltr'><strong>gererent1);</strong></span> <span class='ocrx_word' id='word_1_20' title='bbox 1123 565 1248 651; x_wconf 84' lang='lat' dir='ltr'><strong>legatos</strong></span> 
     </span>
     <span class='ocr_line' id='line_1_4' title="bbox 93 667 1247 753; baseline -0.002 -18"><span class='ocrx_word' id='word_1_21' title='bbox 93 668 193 752; x_wconf 82' lang='lat' dir='ltr'><strong>igitur</strong></span> <span class='ocrx_word' id='word_1_22' title='bbox 213 667 364 753; x_wconf 75' lang='lat' dir='ltr'><strong>auspiciis</strong></span> <span class='ocrx_word' id='word_1_23' title='bbox 385 667 502 753; x_wconf 82' lang='lat' dir='ltr'><strong>Lepidi</strong></span> <span class='ocrx_word' id='word_1_24' title='bbox 525 668 697 753; x_wconf 84' lang='lat' dir='ltr'><strong>Hispanias</strong></span> <span class='ocrx_word' id='word_1_25' title='bbox 720 688 758 734; x_wconf 94' lang='lat' dir='ltr'><strong>eo</strong></span> <span class='ocrx_word' id='word_1_26' title='bbox 780 687 863 734; x_wconf 88' lang='lat' dir='ltr'><strong>anno</strong></span> <span class='ocrx_word' id='word_1_27' title='bbox 886 668 1127 739; x_wconf 83' lang='lat' dir='ltr'><strong>administrasse</strong></span> <span class='ocrx_word' id='word_1_28' title='bbox 1149 669 1247 733; x_wconf 90' lang='lat' dir='ltr'><strong>mani·</strong></span> 
     </span>
     <span class='ocr_line' id='line_1_5' title="bbox 94 768 1246 854; baseline 0 -19"><span class='ocrx_word' id='word_1_29' title='bbox 94 770 211 838; x_wconf 85' lang='lat' dir='ltr'><strong>festum</strong></span> <span class='ocrx_word' id='word_1_30' title='bbox 233 776 291 836; x_wconf 88' lang='lat' dir='ltr'><strong>est.</strong></span> <span class='ocrx_word' id='word_1_31' title='bbox 334 770 447 836; x_wconf 85' lang='lat' dir='ltr'><strong>Altera</strong></span> <span class='ocrx_word' id='word_1_32' title='bbox 468 770 702 854; x_wconf 87' lang='lat' dir='ltr'><strong>provinciarum</strong></span> <span class='ocrx_word' id='word_1_33' title='bbox 724 768 895 853; x_wconf 85' lang='lat' dir='ltr'><strong>partitione</strong></span> <span class='ocrx_word' id='word_1_34' title='bbox 913 776 990 854; x_wconf 78' lang='lat' dir='ltr'><strong>&#39;post</strong></span> <span class='ocrx_word' id='word_1_35' title='bbox 1011 786 1152 853; x_wconf 79' lang='lat' dir='ltr'><strong>pugnam</strong></span> <span class='ocrx_word' id='word_1_36' title='bbox 1173 770 1246 836; x_wconf 92' lang='lat' dir='ltr'><strong>Phi-</strong></span> 
     </span>
     <span class='ocr_line' id='line_1_6' title="bbox 19 869 1247 957; baseline -0.005 -15"><span class='ocrx_word' id='word_1_37' title='bbox 19 939 24 942; x_wconf 28' lang='lat'><strong>&lt;</strong></span> <span class='ocrx_word' id='word_1_38' title='bbox 95 872 272 957; x_wconf 89' lang='lat' dir='ltr'><strong>lippensem</strong></span> <span class='ocrx_word' id='word_1_39' title='bbox 294 872 382 937; x_wconf 84' lang='lat' dir='ltr'><strong>iacta</strong></span> <span class='ocrx_word' id='word_1_40' title='bbox 402 870 555 956; x_wconf 86' lang='lat' dir='ltr'><strong>Lepidus,</strong></span> <span class='ocrx_word' id='word_1_41' title='bbox 578 872 654 956; x_wconf 89' lang='lat' dir='ltr'><strong>quia</strong></span> <span class='ocrx_word' id='word_1_42' title='bbox 676 872 708 935; x_wconf 92' lang='lat' dir='ltr'><strong>in</strong></span> <span class='ocrx_word' id='word_1_43' title='bbox 731 869 943 954; x_wconf 87' lang='lat' dir='ltr'><strong>suspicionem</strong></span> <span class='ocrx_word' id='word_1_44' title='bbox 967 891 1039 935; x_wconf 91' lang='lat' dir='ltr'><strong>cum</strong></span> <span class='ocrx_word' id='word_1_45' title='bbox 1062 871 1136 938; x_wconf 76' lang='lat' dir='ltr'><strong>Sex,</strong></span> <span class='ocrx_word' id='word_1_46' title='bbox 1154 873 1247 938; x_wconf 91' lang='lat' dir='ltr'><strong>Pom-</strong></span> 
     </span>
     <span class='ocr_line' id='line_1_7' title="bbox 95 971 1248 1059; baseline -0.001 -18"><span class='ocrx_word' id='word_1_47' title='bbox 95 974 169 1059; x_wconf 89' lang='lat' dir='ltr'><strong>peio</strong></span> <span class='ocrx_word' id='word_1_48' title='bbox 198 971 401 1057; x_wconf 89' lang='lat' dir='ltr'><strong>conspirandi</strong></span> <span class='ocrx_word' id='word_1_49' title='bbox 429 974 620 1054; x_wconf 84' lang='lat' dir='ltr'><strong>vocabatur,</strong></span> <span class='ocrx_word' id='word_1_50' title='bbox 650 973 692 1038; x_wconf 89' lang='lat' dir='ltr'><strong>ab</strong></span> <span class='ocrx_word' id='word_1_51' title='bbox 717 971 945 1056; x_wconf 87' lang='lat' dir='ltr'><strong>Hispaniarum</strong></span> <span class='ocrx_word' id='word_1_52' title='bbox 974 971 1248 1041; x_wconf 80' lang='lat' dir='ltr'><strong>administratione</strong></span> 
     </span>
     <span class='ocr_line' id='line_1_8' title="bbox 95 1076 345 1155; baseline -0.012 -13"><span class='ocrx_word' id='word_1_53' title='bbox 95 1081 235 1144; x_wconf 88' lang='lat' dir='ltr'><strong>remotus</strong></span> <span class='ocrx_word' id='word_1_54' title='bbox 257 1076 345 1155; x_wconf 68' lang='lat' dir='ltr'><strong>estu</strong></span> 
     </span>
    </p>
   </div>
   <div class='ocr_carea' id='block_1_3' title="bbox 96 1190 1278 1989">
    <p class='ocr_par' dir='ltr' id='par_1_3' title="bbox 96 1190 1278 1989">
     <span class='ocr_line' id='line_1_9' title="bbox 96 1190 1120 1261; baseline -0.002 -2"><span class='ocrx_word' id='word_1_55' title='bbox 96 1197 274 1261; x_wconf 81' lang='lat'><strong>713-723.</strong></span> <span class='ocrx_word' id='word_1_56' title='bbox 307 1193 495 1258; x_wconf 74' lang='lat' dir='ltr'><strong>clulius</strong></span> <span class='ocrx_word' id='word_1_57' title='bbox 526 1192 676 1258; x_wconf 77' lang='lat' dir='ltr'><strong>Caesar</strong></span> <span class='ocrx_word' id='word_1_58' title='bbox 706 1190 954 1258; x_wconf 84' lang='lat' dir='ltr'><strong>Octavianus</strong></span> <span class='ocrx_word' id='word_1_59' title='bbox 982 1193 1120 1258; x_wconf 84' lang='lat' dir='ltr'><strong>Illvir.</strong></span> 
     </span>
     <span class='ocr_line' id='line_1_10' title="bbox 249 1288 1246 1380; baseline -0.001 -20"><span class='ocrx_word' id='word_1_60' title='bbox 249 1294 312 1361; x_wconf 89' lang='lat' dir='ltr'><strong>Dio</strong></span> <span class='ocrx_word' id='word_1_61' title='bbox 335 1297 386 1377; x_wconf 88' lang='grc'><strong>48,</strong></span> <span class='ocrx_word' id='word_1_62' title='bbox 412 1301 438 1359; x_wconf 87' lang='lat'><strong>1.</strong></span> <span class='ocrx_word' id='word_1_63' title='bbox 460 1329 503 1338; x_wconf 97' lang='lat'><strong>—</strong></span> <span class='ocrx_word' id='word_1_64' title='bbox 525 1291 585 1380; x_wconf 85' lang='grc' dir='ltr'><strong>τήν</strong></span> <span class='ocrx_word' id='word_1_65' title='bbox 613 1318 648 1359; x_wconf 84' lang='grc' dir='ltr'><strong>τε</strong></span> <span class='ocrx_word' id='word_1_66' title='bbox 678 1292 741 1378; x_wconf 79' lang='grc' dir='ltr'><strong>γὰρ</strong></span> <span class='ocrx_word' id='word_1_67' title='bbox 765 1289 869 1379; x_wconf 79' lang='grc' dir='ltr'><strong><em>ἀρχὴν</em></strong></span> <span class='ocrx_word' id='word_1_68' title='bbox 893 1288 1012 1357; x_wconf 75' lang='grc' dir='ltr'><strong><em>αὐτίκα</em></strong></span> <span class='ocrx_word' id='word_1_69' title='bbox 1039 1289 1246 1360; x_wconf 78' lang='grc' dir='ltr'><strong><em>ἄνεόάσαντο</em></strong></span> 
     </span>
     <span class='ocr_line' id='line_1_11' title="bbox 186 1387 1249 1481; baseline 0.001 -21"><span class='ocrx_word' id='word_1_70' title='bbox 186 1436 190 1441; x_wconf 86' lang='lat'><em>-</em></span> <span class='ocrx_word' id='word_1_71' title='bbox 250 1395 308 1460; x_wconf 83' lang='grc' dir='ltr'><strong>καὶ</strong></span> <span class='ocrx_word' id='word_1_72' title='bbox 330 1399 478 1480; x_wconf 86' lang='grc' dir='ltr'><strong><em>Καίσαρι</em></strong></span> <span class='ocrx_word' id='word_1_73' title='bbox 499 1395 561 1477; x_wconf 73' lang='grc' dir='ltr'><strong>μὲν</strong></span> <span class='ocrx_word' id='word_1_74' title='bbox 582 1391 605 1478; x_wconf 73' lang='grc' dir='ltr'>ἥ</span> <span class='ocrx_word' id='word_1_75' title='bbox 625 1419 662 1459; x_wconf 86' lang='grc' dir='ltr'><strong>τε</strong></span> <span class='ocrx_word' id='word_1_76' title='bbox 683 1391 808 1480; x_wconf 85' lang='grc' dir='ltr'><strong><em>Ἰβηρία</em></strong></span> <span class='ocrx_word' id='word_1_77' title='bbox 832 1395 889 1459; x_wconf 85' lang='grc' dir='ltr'><strong>καὶ</strong></span> <span class='ocrx_word' id='word_1_78' title='bbox 918 1387 938 1481; x_wconf 77' lang='grc' dir='ltr'><strong><em>η</em></strong></span> <span class='ocrx_word' id='word_1_79' title='bbox 962 1394 1151 1477; x_wconf 79' lang='grc' dir='ltr'><strong><em>Νααμιδία,</em></strong></span> <span class='ocrx_word' id='word_1_80' title='bbox 1173 1393 1249 1461; x_wconf 77' lang='grc' dir='ltr'><strong>Ἀι-</strong></span> 
     </span>
     <span class='ocr_line' id='line_1_12' title="bbox 250 1489 1278 1583; baseline 0.005 -23"><span class='ocrx_word' id='word_1_81' title='bbox 250 1502 359 1582; x_wconf 68' lang='lat' dir='ltr'><strong>corto</strong></span> <span class='ocrx_word' id='word_1_82' title='bbox 390 1496 427 1563; x_wconf 77' lang='grc' dir='ltr'><strong>δὲ</strong></span> <span class='ocrx_word' id='word_1_83' title='bbox 450 1493 473 1583; x_wconf 81' lang='grc' dir='ltr'>ἥ</span> <span class='ocrx_word' id='word_1_84' title='bbox 494 1521 530 1562; x_wconf 89' lang='grc' dir='ltr'><strong>τε</strong></span> <span class='ocrx_word' id='word_1_85' title='bbox 554 1495 702 1560; x_wconf 78' lang='grc' dir='ltr'><strong><em>Γαλατία</em></strong></span> <span class='ocrx_word' id='word_1_86' title='bbox 725 1496 781 1560; x_wconf 82' lang='grc' dir='ltr'><strong>καί</strong></span> <span class='ocrx_word' id='word_1_87' title='bbox 805 1489 824 1581; x_wconf 80' lang='grc' dir='ltr'><strong><em>η</em></strong></span> <span class='ocrx_word' id='word_1_88' title='bbox 846 1491 989 1582; x_wconf 55' lang='lat' dir='ltr'><strong>upplan*</strong></span> <span class='ocrx_word' id='word_1_89' title='bbox 1020 1495 1163 1580; x_wconf 76' lang='grc' dir='ltr'><strong>ἐγένετο.</strong></span> <span class='ocrx_word' id='word_1_90' title='bbox 1208 1499 1248 1565; x_wconf 84' lang='lat' dir='ltr'><strong>cf.</strong></span> <span class='ocrx_word' id='word_1_91' title='bbox 1276 1532 1278 1537; x_wconf 51' lang='lat'><strong>⁴</strong></span> 
     </span>
     <span class='ocr_line' id='line_1_13' title="bbox 185 1599 853 1684; baseline 0 -21"><span class='ocrx_word' id='word_1_92' title='bbox 185 1629 188 1635; x_wconf 93' lang='lat'>·</span> <span class='ocrx_word' id='word_1_93' title='bbox 229 1599 334 1684; x_wconf 76' lang='lat' dir='ltr'><strong>‘App</strong></span> <span class='ocrx_word' id='word_1_94' title='bbox 357 1600 387 1665; x_wconf 90' lang='lat' dir='ltr'><strong>b.</strong></span> <span class='ocrx_word' id='word_1_95' title='bbox 412 1619 437 1664; x_wconf 88' lang='lat' dir='ltr'><strong>c.</strong></span> <span class='ocrx_word' id='word_1_96' title='bbox 462 1604 491 1680; x_wconf 82' lang='lat'><strong>5,</strong></span> <span class='ocrx_word' id='word_1_97' title='bbox 515 1601 543 1665; x_wconf 88' lang='grc'><strong>3.</strong></span> <span class='ocrx_word' id='word_1_98' title='bbox 586 1599 674 1666; x_wconf 85' lang='lat' dir='ltr'><strong>Suet.</strong></span> <span class='ocrx_word' id='word_1_99' title='bbox 697 1601 779 1680; x_wconf 83' lang='lat' dir='ltr'><strong>Aug.</strong></span> <span class='ocrx_word' id='word_1_100' title='bbox 806 1601 853 1663; x_wconf 82' lang='lat'><strong>13.</strong></span> 
     </span>
     <span class='ocr_line' id='line_1_14' title="bbox 184 1697 1249 1785; baseline 0.004 -21"><span class='ocrx_word' id='word_1_101' title='bbox 184 1700 233 1765; x_wconf 83' lang='lat' dir='ltr'><strong>Hx</strong></span> <span class='ocrx_word' id='word_1_102' title='bbox 256 1720 294 1766; x_wconf 97' lang='lat' dir='ltr'><strong>eo</strong></span> <span class='ocrx_word' id='word_1_103' title='bbox 316 1703 459 1785; x_wconf 83' lang='lat' dir='ltr'><strong>tempore</strong></span> <span class='ocrx_word' id='word_1_104' title='bbox 478 1697 689 1766; x_wconf 84' lang='lat' dir='ltr'><strong>Octavianum</strong></span> <span class='ocrx_word' id='word_1_105' title='bbox 704 1699 878 1784; x_wconf 86' lang='lat' dir='ltr'><strong>Hispanias</strong></span> <span class='ocrx_word' id='word_1_106' title='bbox 894 1698 1063 1765; x_wconf 85' lang='lat' dir='ltr'><strong>retinuisse</strong></span> <span class='ocrx_word' id='word_1_107' title='bbox 1077 1720 1134 1785; x_wconf 90' lang='lat' dir='ltr'><strong>per</strong></span> <span class='ocrx_word' id='word_1_108' title='bbox 1148 1705 1249 1768; x_wconf 88' lang='lat' dir='ltr'><strong>totum</strong></span> 
     </span>
     <span class='ocr_line' id='line_1_15' title="bbox 96 1799 1248 1886; baseline 0.001 -17"><span class='ocrx_word' id='word_1_109' title='bbox 96 1802 314 1869; x_wconf 84' lang='lat' dir='ltr'><strong>triumviratus</strong></span> <span class='ocrx_word' id='word_1_110' title='bbox 343 1808 469 1885; x_wconf 91' lang='lat' dir='ltr'><strong>tempus</strong></span> <span class='ocrx_word' id='word_1_111' title='bbox 491 1800 657 1885; x_wconf 72' lang='lat' dir='ltr'><strong>constati)</strong></span> <span class='ocrx_word' id='word_1_112' title='bbox 700 1802 814 1866; x_wconf 85' lang='lat' dir='ltr'><strong>Restat</strong></span> <span class='ocrx_word' id='word_1_113' title='bbox 836 1799 948 1883; x_wconf 84' lang='lat' dir='ltr'><strong>igitur,</strong></span> <span class='ocrx_word' id='word_1_114' title='bbox 978 1805 1013 1867; x_wconf 90' lang='lat' dir='ltr'><strong>ut</strong></span> <span class='ocrx_word' id='word_1_115' title='bbox 1034 1804 1248 1886; x_wconf 79' lang='lat' dir='ltr'><strong>proconsules,</strong></span> 
     </span>
     <span class='ocr_line' id='line_1_16' title="bbox 98 1901 1248 1989; baseline -0.001 -20"><span class='ocrx_word' id='word_1_116' title='bbox 98 1904 153 1987; x_wconf 86' lang='lat' dir='ltr'><strong>qui</strong></span> <span class='ocrx_word' id='word_1_117' title='bbox 174 1903 326 1987; x_wconf 87' lang='lat' dir='ltr'><strong>auspiciis</strong></span> <span class='ocrx_word' id='word_1_118' title='bbox 350 1903 417 1968; x_wconf 91' lang='lat' dir='ltr'><strong>eius</strong></span> <span class='ocrx_word' id='word_1_119' title='bbox 432 1902 605 1987; x_wconf 88' lang='lat' dir='ltr'><strong>Hispanias</strong></span> <span class='ocrx_word' id='word_1_120' title='bbox 627 1921 728 1983; x_wconf 89' lang='lat' dir='ltr'><strong>usque</strong></span> <span class='ocrx_word' id='word_1_121' title='bbox 751 1901 793 1967; x_wconf 90' lang='lat' dir='ltr'><strong>ad</strong></span> <span class='ocrx_word' id='word_1_122' title='bbox 815 1921 931 1966; x_wconf 85' lang='lat' dir='ltr'><strong>aunum</strong></span> <span class='ocrx_word' id='word_1_123' title='bbox 950 1905 1009 1966; x_wconf 82' lang='lat'><strong>723</strong></span> <span class='ocrx_word' id='word_1_124' title='bbox 1027 1902 1178 1989; x_wconf 82' lang='lat' dir='ltr'><strong>deinceps</strong></span> <span class='ocrx_word' id='word_1_125' title='bbox 1193 1903 1248 1969; x_wconf 90' lang='lat' dir='ltr'><strong>ad-</strong></span> 
     </span>
    </p>
   </div>
   <div class='ocr_carea' id='block_1_4' title="bbox 4 2002 1249 2089">
    <p class='ocr_par' dir='ltr' id='par_1_4' title="bbox 4 2002 1249 2089">
     <span class='ocr_line' id='line_1_17' title="bbox 4 2002 1249 2089; baseline 0 -18"><span class='ocrx_word' id='word_1_126' title='bbox 4 2070 6 2089; x_wconf 62' lang='grc'>,</span> <span class='ocrx_word' id='word_1_127' title='bbox 97 2005 367 2086; x_wconf 82' lang='lat' dir='ltr'><strong>ministraverunt,</strong></span> <span class='ocrx_word' id='word_1_128' title='bbox 391 2023 524 2085; x_wconf 91' lang='lat' dir='ltr'><strong>quorum</strong></span> <span class='ocrx_word' id='word_1_129' title='bbox 546 2002 691 2088; x_wconf 89' lang='lat' dir='ltr'><strong>plerique</strong></span> <span class='ocrx_word' id='word_1_130' title='bbox 713 2024 754 2070; x_wconf 86' lang='lat' dir='ltr'><strong>ex</strong></span> <span class='ocrx_word' id='word_1_131' title='bbox 776 2002 1036 2086; x_wconf 87' lang='lat' dir='ltr'><strong>inscriptionibus</strong></span> <span class='ocrx_word' id='word_1_132' title='bbox 1058 2009 1180 2070; x_wconf 88' lang='lat' dir='ltr'><strong>tautum</strong></span> <span class='ocrx_word' id='word_1_133' title='bbox 1196 2006 1249 2071; x_wconf 91' lang='lat' dir='ltr'><strong>tri·</strong></span> 
     </span>
    </p>
   </div>
   <div class='ocr_carea' id='block_1_5' title="bbox 0 4020 3 4703">
    <p class='ocr_par' dir='ltr' id='par_1_5' title="bbox 0 4020 3 4703">
     <span class='ocr_line' id='line_1_18' title="bbox 0 4020 3 4703; baseline 0 0"><span class='ocrx_word' id='word_1_134' title='bbox 0 4020 3 4703; x_wconf 95' lang='lat' dir='ltr'><strong> </strong></span> 
     </span>
    </p>
   </div>
   <div class='ocr_carea' id='block_1_6' title="bbox 4 2103 1235 2209">
    <p class='ocr_par' dir='ltr' id='par_1_6' title="bbox 4 2096 1235 2209">
     <span class='ocr_line' id='line_1_19' title="bbox 4 2103 1235 2209; baseline -0.002 -36"><span class='ocrx_word' id='word_1_135' title='bbox 4 2200 6 2209; x_wconf 21' lang='grc' dir='ltr'>Ι</span> <span class='ocrx_word' id='word_1_136' title='bbox 99 2107 302 2191; x_wconf 89' lang='lat' dir='ltr'><strong>umphalibus</strong></span> <span class='ocrx_word' id='word_1_137' title='bbox 325 2110 567 2188; x_wconf 80' lang='lat' dir='ltr'><strong>cognoscuntur,</strong></span> <span class='ocrx_word' id='word_1_138' title='bbox 589 2105 622 2169; x_wconf 93' lang='lat' dir='ltr'><strong>in</strong></span> <span class='ocrx_word' id='word_1_139' title='bbox 643 2103 745 2170; x_wconf 86' lang='lat' dir='ltr'><strong>fastos</strong></span> <span class='ocrx_word' id='word_1_140' title='bbox 760 2104 952 2189; x_wconf 85' lang='lat' dir='ltr'><strong>redigamus.</strong></span> <span class='ocrx_word' id='word_1_141' title='bbox 984 2105 1064 2170; x_wconf 85' lang='lat' dir='ltr'><strong>Sunt</strong></span> <span class='ocrx_word' id='word_1_142' title='bbox 1079 2110 1187 2172; x_wconf 88' lang='lat' dir='ltr'><strong>autem</strong></span> <span class='ocrx_word' id='word_1_143' title='bbox 1202 2106 1235 2171; x_wconf 92' lang='lat' dir='ltr'><strong>hi</strong></span> 
     </span>
    </p>
   </div>
   <div class='ocr_carea' id='block_1_7' title="bbox 12 2224 1336 3732">
    <p class='ocr_par' dir='ltr' id='par_1_7' title="bbox 12 2224 1336 3732">
     <span class='ocr_line' id='line_1_20' title="bbox 99 2224 686 2308; baseline -0.003 -19"><span class='ocrx_word' id='word_1_144' title='bbox 99 2230 171 2291; x_wconf 81' lang='lat'><strong>713.</strong></span> <span class='ocrx_word' id='word_1_145' title='bbox 195 2224 228 2291; x_wconf 83' lang='lat' dir='ltr'><strong>C.</strong></span> <span class='ocrx_word' id='word_1_146' title='bbox 251 2225 365 2290; x_wconf 86' lang='lat' dir='ltr'><strong>Albius</strong></span> <span class='ocrx_word' id='word_1_147' title='bbox 390 2224 539 2290; x_wconf 78' lang='lat' dir='ltr'><strong>Carrinas</strong></span> <span class='ocrx_word' id='word_1_148' title='bbox 563 2242 686 2308; x_wconf 88' lang='lat' dir='ltr'><strong>procos.</strong></span> 
     </span>
     <span class='ocr_line' id='line_1_21' title="bbox 251 2321 1249 2411; baseline -0.004 -19"><span class='ocrx_word' id='word_1_149' title='bbox 251 2330 334 2411; x_wconf 87' lang='lat' dir='ltr'><strong>App.</strong></span> <span class='ocrx_word' id='word_1_150' title='bbox 350 2327 381 2392; x_wconf 89' lang='lat' dir='ltr'><strong>b.</strong></span> <span class='ocrx_word' id='word_1_151' title='bbox 397 2347 423 2392; x_wconf 87' lang='lat' dir='ltr'><strong>c.</strong></span> <span class='ocrx_word' id='word_1_152' title='bbox 441 2330 470 2409; x_wconf 85' lang='lat'><strong>5,</strong></span> <span class='ocrx_word' id='word_1_153' title='bbox 486 2329 536 2390; x_wconf 81' lang='lat'><strong>26.</strong></span> <span class='ocrx_word' id='word_1_154' title='bbox 559 2321 690 2405; x_wconf 83' lang='grc' dir='ltr'><em>Βόκχον</em></span> <span class='ocrx_word' id='word_1_155' title='bbox 716 2322 752 2389; x_wconf 78' lang='grc' dir='ltr'><strong>δὲ</strong></span> <span class='ocrx_word' id='word_1_156' title='bbox 776 2322 834 2388; x_wconf 80' lang='grc' dir='ltr'><strong>τὸν</strong></span> <span class='ocrx_word' id='word_1_157' title='bbox 853 2328 1084 2409; x_wconf 84' lang='grc' dir='ltr'><strong><em>Μαυρουσίων</em></strong></span> <span class='ocrx_word' id='word_1_158' title='bbox 1106 2324 1249 2407; x_wconf 79' lang='grc' dir='ltr'><strong><em>βασιλέα</em></strong></span> 
     </span>
     <span class='ocr_line' id='line_1_22' title="bbox 253 2423 1249 2512; baseline 0 -21"><span class='ocrx_word' id='word_1_159' title='bbox 253 2425 406 2503; x_wconf 80' lang='grc' dir='ltr'><strong><em>Λεύκιος</em></strong></span> <span class='ocrx_word' id='word_1_160' title='bbox 430 2426 487 2509; x_wconf 85' lang='lat' dir='ltr'><strong>(sc.</strong></span> <span class='ocrx_word' id='word_1_161' title='bbox 504 2424 677 2509; x_wconf 82' lang='lat' dir='ltr'><strong>Antonius)</strong></span> <span class='ocrx_word' id='word_1_162' title='bbox 700 2423 818 2490; x_wconf 73' lang='grc' dir='ltr'><strong><em>’ἔπεισε</em></strong></span> <span class='ocrx_word' id='word_1_163' title='bbox 842 2426 1004 2506; x_wconf 79' lang='grc' dir='ltr'><em>πολεμεῖν</em></span> <span class='ocrx_word' id='word_1_164' title='bbox 1028 2430 1181 2512; x_wconf 78' lang='grc' dir='ltr'><strong><em>Καρρίνα</em></strong></span> <span class='ocrx_word' id='word_1_165' title='bbox 1202 2432 1249 2511; x_wconf 80' lang='grc' dir='ltr'><strong>τῴ</strong></span> 
     </span>
     <span class='ocr_line' id='line_1_23' title="bbox 251 2522 1249 2614; baseline 0.005 -22"><span class='ocrx_word' id='word_1_166' title='bbox 251 2527 312 2614; x_wconf 81' lang='grc' dir='ltr'><strong>τὴν</strong></span> <span class='ocrx_word' id='word_1_167' title='bbox 324 2525 468 2614; x_wconf 73' lang='grc' dir='ltr'><strong><em>Ἰβηρίαν</em></strong></span> <span class='ocrx_word' id='word_1_168' title='bbox 484 2522 747 2610; x_wconf 75' lang='grc' dir='ltr'><strong><em>ἐπιτροπεύοντι</em></strong></span> <span class='ocrx_word' id='word_1_169' title='bbox 761 2531 809 2610; x_wconf 75' lang='grc' dir='ltr'><strong>τῷ</strong></span> <span class='ocrx_word' id='word_1_170' title='bbox 825 2530 983 2607; x_wconf 85' lang='grc' dir='ltr'><strong><em>Καίσαρι.</em></strong></span> <span class='ocrx_word' id='word_1_171' title='bbox 1007 2528 1045 2592; x_wconf 84' lang='lat' dir='ltr'><strong>cf.</strong></span> <span class='ocrx_word' id='word_1_172' title='bbox 1058 2529 1121 2594; x_wconf 89' lang='lat' dir='ltr'><strong>Dio</strong></span> <span class='ocrx_word' id='word_1_173' title='bbox 1135 2533 1185 2611; x_wconf 88' lang='grc'><strong>48,</strong></span> <span class='ocrx_word' id='word_1_174' title='bbox 1199 2535 1249 2597; x_wconf 82' lang='grc'><strong>45.</strong></span> 
     </span>
     <span class='ocr_line' id='line_1_24' title="bbox 185 2627 1250 2714; baseline 0 -17"><span class='ocrx_word' id='word_1_175' title='bbox 185 2631 333 2697; x_wconf 79' lang='lat' dir='ltr'><strong>Carrinas</strong></span> <span class='ocrx_word' id='word_1_176' title='bbox 356 2631 466 2697; x_wconf 90' lang='lat' dir='ltr'><strong>consul</strong></span> <span class='ocrx_word' id='word_1_177' title='bbox 488 2628 640 2696; x_wconf 88' lang='lat' dir='ltr'><strong>suffectus</strong></span> <span class='ocrx_word' id='word_1_178' title='bbox 663 2632 732 2694; x_wconf 86' lang='lat' dir='ltr'><strong>erat</strong></span> <span class='ocrx_word' id='word_1_179' title='bbox 753 2647 782 2692; x_wconf 88' lang='lat' dir='ltr'><strong>a.</strong></span> <span class='ocrx_word' id='word_1_180' title='bbox 807 2633 885 2710; x_wconf 87' lang='lat'><strong>711,</strong></span> <span class='ocrx_word' id='word_1_181' title='bbox 908 2627 1051 2694; x_wconf 89' lang='lat' dir='ltr'><strong>ulteriori</strong></span> <span class='ocrx_word' id='word_1_182' title='bbox 1073 2628 1250 2714; x_wconf 90' lang='lat' dir='ltr'><strong>Hispaniae</strong></span> 
     </span>
     <span class='ocr_line' id='line_1_25' title="bbox 97 2728 1249 2817; baseline -0.002 -17"><span class='ocrx_word' id='word_1_183' title='bbox 97 2754 127 2800; x_wconf 88' lang='lat' dir='ltr'><strong>a.</strong></span> <span class='ocrx_word' id='word_1_184' title='bbox 151 2735 213 2797; x_wconf 81' lang='lat'><strong>709</strong></span> <span class='ocrx_word' id='word_1_185' title='bbox 243 2740 480 2817; x_wconf 87' lang='lat' dir='ltr'><strong>propraetorem</strong></span> <span class='ocrx_word' id='word_1_186' title='bbox 507 2751 580 2798; x_wconf 88' lang='lat' dir='ltr'><strong>euru</strong></span> <span class='ocrx_word' id='word_1_187' title='bbox 601 2728 778 2815; x_wconf 87' lang='lat' dir='ltr'><strong>praefuisse</strong></span> <span class='ocrx_word' id='word_1_188' title='bbox 800 2748 899 2814; x_wconf 88' lang='lat' dir='ltr'><strong>supra</strong></span> <span class='ocrx_word' id='word_1_189' title='bbox 921 2729 1170 2796; x_wconf 88' lang='lat' dir='ltr'><strong>demonstratum</strong></span> <span class='ocrx_word' id='word_1_190' title='bbox 1192 2739 1249 2799; x_wconf 91' lang='lat' dir='ltr'><strong>est.</strong></span> 
     </span>
     <span class='ocr_line' id='line_1_26' title="bbox 12 2829 1250 2919; baseline -0.002 -19"><span class='ocrx_word' id='word_1_191' title='bbox 12 2900 16 2907; x_wconf 81' lang='grc'>,</span> <span class='ocrx_word' id='word_1_192' title='bbox 97 2833 239 2919; x_wconf 88' lang='lat' dir='ltr'><strong>Appiani</strong></span> <span class='ocrx_word' id='word_1_193' title='bbox 248 2831 273 2915; x_wconf 82' lang='lat'><strong>⁴)</strong></span> <span class='ocrx_word' id='word_1_194' title='bbox 295 2832 396 2897; x_wconf 88' lang='lat' dir='ltr'><strong>verba</strong></span> <span class='ocrx_word' id='word_1_195' title='bbox 417 2832 553 2917; x_wconf 84' lang='lat' dir='ltr'><strong>legenti:</strong></span> <span class='ocrx_word' id='word_1_196' title='bbox 576 2835 725 2912; x_wconf 84' lang='grc' dir='ltr'><strong><em>Καίσαρι</em></strong></span> <span class='ocrx_word' id='word_1_197' title='bbox 749 2829 786 2896; x_wconf 77' lang='grc' dir='ltr'><strong>δὲ</strong></span> <span class='ocrx_word' id='word_1_198' title='bbox 809 2829 845 2896; x_wconf 80' lang='grc' dir='ltr'><strong>ἐν</strong></span> <span class='ocrx_word' id='word_1_199' title='bbox 871 2831 933 2913; x_wconf 78' lang='grc' dir='ltr'><strong>μὲν</strong></span> <span class='ocrx_word' id='word_1_200' title='bbox 956 2830 1079 2918; x_wconf 83' lang='grc' dir='ltr'><strong><em>Καπύη</em></strong></span> <span class='ocrx_word' id='word_1_201' title='bbox 1103 2838 1250 2919; x_wconf 87' lang='grc' dir='ltr'><strong><em>τέσσαρα</em></strong></span> 
     </span>
     <span class='ocr_line' id='line_1_27' title="bbox 98 2925 1250 3023; baseline 0 -23"><span class='ocrx_word' id='word_1_202' title='bbox 98 2925 140 3023; x_wconf 80' lang='grc' dir='ltr'><strong>ἦν</strong></span> <span class='ocrx_word' id='word_1_203' title='bbox 162 2933 241 3019; x_wconf 83' lang='grc' dir='ltr'><strong><em>τέλη</em></strong></span> <span class='ocrx_word' id='word_1_204' title='bbox 266 2933 321 2997; x_wconf 84' lang='grc' dir='ltr'><strong>καὶ</strong></span> <span class='ocrx_word' id='word_1_205' title='bbox 344 2929 426 3016; x_wconf 82' lang='grc' dir='ltr'><strong><em>περὶ</em></strong></span> <span class='ocrx_word' id='word_1_206' title='bbox 448 2929 549 2998; x_wconf 81' lang='grc' dir='ltr'><strong><em>αὐτὸν</em></strong></span> <span class='ocrx_word' id='word_1_207' title='bbox 571 2931 607 2997; x_wconf 78' lang='grc' dir='ltr'><strong>αἱ</strong></span> <span class='ocrx_word' id='word_1_208' title='bbox 630 2931 859 3018; x_wconf 76' lang='grc' dir='ltr'><strong><em>στρατηγίδες,</em></strong></span> <span class='ocrx_word' id='word_1_209' title='bbox 884 2934 922 3013; x_wconf 79' lang='grc' dir='ltr'><strong>ἓξ</strong></span> <span class='ocrx_word' id='word_1_210' title='bbox 937 2931 973 2998; x_wconf 79' lang='grc' dir='ltr'><strong>δὲ</strong></span> <span class='ocrx_word' id='word_1_211' title='bbox 991 2931 1089 3015; x_wconf 73' lang='grc' dir='ltr'><strong><em>ἕτερα</em></strong></span> <span class='ocrx_word' id='word_1_212' title='bbox 1109 2935 1250 3000; x_wconf 80' lang='grc' dir='ltr'><strong><em>Σαλουι-</em></strong></span> 
     </span>
     <span class='ocr_line' id='line_1_28' title="bbox 99 3023 1336 3128; baseline 0 -25"><span class='ocrx_word' id='word_1_213' title='bbox 99 3033 217 3123; x_wconf 78' lang='grc' dir='ltr'><strong><em>διηνὸς</em></strong></span> <span class='ocrx_word' id='word_1_214' title='bbox 240 3023 320 3121; x_wconf 73' lang='grc' dir='ltr'><strong>ἦγεν</strong></span> <span class='ocrx_word' id='word_1_215' title='bbox 342 3031 380 3111; x_wconf 82' lang='grc' dir='ltr'><strong>ἐξ</strong></span> <span class='ocrx_word' id='word_1_216' title='bbox 398 3030 541 3119; x_wconf 78' lang='grc' dir='ltr'><strong><em>Ἰβηρίας</em></strong></span> <span class='ocrx_word' id='word_1_217' title='bbox 563 3070 605 3079; x_wconf 95' lang='grc'>-</span> <span class='ocrx_word' id='word_1_218' title='bbox 627 3034 731 3128; x_wconf 73' lang='grc' dir='ltr'><strong>ίααίία</strong></span> <span class='ocrx_word' id='word_1_219' title='bbox 746 3034 852 3118; x_wconf 85' lang='lat' dir='ltr'><strong>opinio</strong></span> <span class='ocrx_word' id='word_1_220' title='bbox 876 3035 1010 3101; x_wconf 84' lang='lat' dir='ltr'><strong>exsistat</strong></span> <span class='ocrx_word' id='word_1_221' title='bbox 1031 3036 1069 3115; x_wconf 78' lang='lat' dir='ltr'><strong>Q.</strong></span> <span class='ocrx_word' id='word_1_222' title='bbox 1092 3035 1249 3104; x_wconf 82' lang='lat' dir='ltr'><strong>Salvidie-</strong></span> <span class='ocrx_word' id='word_1_223' title='bbox 1330 3087 1336 3095; x_wconf 90' lang='lat'>.</span> 
     </span>
     <span class='ocr_line' id='line_1_29' title="bbox 98 3135 1250 3223; baseline 0.001 -18"><span class='ocrx_word' id='word_1_224' title='bbox 98 3160 176 3205; x_wconf 91' lang='lat' dir='ltr'><strong>num</strong></span> <span class='ocrx_word' id='word_1_225' title='bbox 191 3138 306 3203; x_wconf 82' lang='lat' dir='ltr'><strong>Rufum</strong></span> <span class='ocrx_word' id='word_1_226' title='bbox 328 3135 423 3202; x_wconf 92' lang='lat' dir='ltr'><strong>simul</strong></span> <span class='ocrx_word' id='word_1_227' title='bbox 439 3156 509 3202; x_wconf 92' lang='lat' dir='ltr'><strong>cum</strong></span> <span class='ocrx_word' id='word_1_228' title='bbox 525 3135 690 3203; x_wconf 76' lang='lat' dir='ltr'><strong>Carrinate</strong></span> <span class='ocrx_word' id='word_1_229' title='bbox 705 3135 894 3221; x_wconf 86' lang='lat' dir='ltr'><strong>Hispaniam</strong></span> <span class='ocrx_word' id='word_1_230' title='bbox 913 3137 1170 3223; x_wconf 74' lang='lat' dir='ltr'><strong>administrasse,</strong></span> <span class='ocrx_word' id='word_1_231' title='bbox 1192 3140 1250 3206; x_wconf 94' lang='lat' dir='ltr'><strong>sed</strong></span> 
     </span>
     <span class='ocr_line' id='line_1_30' title="bbox 99 3237 1250 3323; baseline 0.001 -17"><span class='ocrx_word' id='word_1_232' title='bbox 99 3260 141 3306; x_wconf 84' lang='lat' dir='ltr'><strong>ex</strong></span> <span class='ocrx_word' id='word_1_233' title='bbox 169 3238 242 3305; x_wconf 88' lang='lat' dir='ltr'><strong>aliis</strong></span> <span class='ocrx_word' id='word_1_234' title='bbox 269 3237 386 3322; x_wconf 66' lang='lat' dir='ltr'><strong>locisi)</strong></span> <span class='ocrx_word' id='word_1_235' title='bbox 414 3238 604 3323; x_wconf 87' lang='lat' dir='ltr'><strong>perspicitur</strong></span> <span class='ocrx_word' id='word_1_236' title='bbox 630 3238 744 3304; x_wconf 89' lang='lat' dir='ltr'><strong>itinere</strong></span> <span class='ocrx_word' id='word_1_237' title='bbox 772 3237 913 3303; x_wconf 90' lang='lat' dir='ltr'><strong>nondum</strong></span> <span class='ocrx_word' id='word_1_238' title='bbox 942 3238 1085 3305; x_wconf 88' lang='lat' dir='ltr'><strong>confecto</strong></span> <span class='ocrx_word' id='word_1_239' title='bbox 1114 3261 1185 3307; x_wconf 90' lang='lat' dir='ltr'><strong>eum</strong></span> <span class='ocrx_word' id='word_1_240' title='bbox 1207 3242 1250 3307; x_wconf 87' lang='lat' dir='ltr'><strong>ab</strong></span> 
     </span>
     <span class='ocr_line' id='line_1_31' title="bbox 99 3338 1250 3409; baseline 0.001 -1"><span class='ocrx_word' id='word_1_241' title='bbox 99 3341 276 3408; x_wconf 85' lang='lat' dir='ltr'><strong>Octaviano</strong></span> <span class='ocrx_word' id='word_1_242' title='bbox 304 3339 347 3404; x_wconf 87' lang='lat' dir='ltr'><strong>ad</strong></span> <span class='ocrx_word' id='word_1_243' title='bbox 375 3340 495 3405; x_wconf 90' lang='lat' dir='ltr'><strong>bellum</strong></span> <span class='ocrx_word' id='word_1_244' title='bbox 516 3338 706 3404; x_wconf 88' lang='lat' dir='ltr'><strong>Perusinum</strong></span> <span class='ocrx_word' id='word_1_245' title='bbox 734 3344 919 3404; x_wconf 87' lang='lat' dir='ltr'><strong>revocatum</strong></span> <span class='ocrx_word' id='word_1_246' title='bbox 942 3358 1022 3405; x_wconf 89' lang='lat' dir='ltr'><strong>esse.</strong></span> <span class='ocrx_word' id='word_1_247' title='bbox 1066 3340 1250 3409; x_wconf 87' lang='lat' dir='ltr'><strong>Notandum</strong></span> 
     </span>
     <span class='ocr_line' id='line_1_32' title="bbox 99 3440 1249 3526; baseline 0 -17"><span class='ocrx_word' id='word_1_248' title='bbox 99 3442 226 3509; x_wconf 88' lang='lat' dir='ltr'><strong>videtur</strong></span> <span class='ocrx_word' id='word_1_249' title='bbox 252 3440 435 3526; x_wconf 89' lang='lat' dir='ltr'><strong>Appianum</strong></span> <span class='ocrx_word' id='word_1_250' title='bbox 463 3441 534 3507; x_wconf 91' lang='lat' dir='ltr'><strong>loco</strong></span> <span class='ocrx_word' id='word_1_251' title='bbox 563 3445 810 3505; x_wconf 90' lang='lat' dir='ltr'><strong>commemorato</strong></span> <span class='ocrx_word' id='word_1_252' title='bbox 832 3440 993 3506; x_wconf 90' lang='lat' dir='ltr'><strong>Bocchum</strong></span> <span class='ocrx_word' id='word_1_253' title='bbox 1015 3440 1071 3506; x_wconf 86' lang='lat' dir='ltr'><strong>vix</strong></span> <span class='ocrx_word' id='word_1_254' title='bbox 1094 3450 1181 3508; x_wconf 90' lang='lat' dir='ltr'><strong>recte</strong></span> <span class='ocrx_word' id='word_1_255' title='bbox 1203 3444 1249 3509; x_wconf 92' lang='lat' dir='ltr'><strong>di·</strong></span> 
     </span>
     <span class='ocr_line' id='line_1_33' title="bbox 100 3540 1250 3630; baseline -0.001 -18"><span class='ocrx_word' id='word_1_256' title='bbox 100 3564 187 3630; x_wconf 83' lang='lat' dir='ltr'><strong>cere3</strong></span> <span class='ocrx_word' id='word_1_257' title='bbox 210 3547 335 3610; x_wconf 90' lang='lat' dir='ltr'><strong>constat</strong></span> <span class='ocrx_word' id='word_1_258' title='bbox 364 3543 449 3609; x_wconf 91' lang='lat' dir='ltr'><strong>enim</strong></span> <span class='ocrx_word' id='word_1_259' title='bbox 470 3541 638 3624; x_wconf 80' lang='lat' dir='ltr'><strong>Bogudem</strong></span> <span class='ocrx_word' id='word_1_260' title='bbox 659 3540 786 3606; x_wconf 84' lang='lat' dir='ltr'><strong>Africae</strong></span> <span class='ocrx_word' id='word_1_261' title='bbox 814 3540 857 3606; x_wconf 90' lang='lat' dir='ltr'><strong>ad</strong></span> <span class='ocrx_word' id='word_1_262' title='bbox 883 3541 1081 3608; x_wconf 88' lang='lat' dir='ltr'><strong>occidentem</strong></span> <span class='ocrx_word' id='word_1_263' title='bbox 1106 3546 1250 3629; x_wconf 83' lang='lat' dir='ltr'><strong>vergenti</strong></span> 
     </span>
     <span class='ocr_line' id='line_1_34' title="bbox 100 3640 770 3732; baseline -0.003 -22"><span class='ocrx_word' id='word_1_264' title='bbox 100 3645 287 3732; x_wconf 85' lang='lat' dir='ltr'><strong>praefuisse.</strong></span> <span class='ocrx_word' id='word_1_265' title='bbox 330 3643 477 3710; x_wconf 84' lang='lat' dir='ltr'><strong>Eundem</strong></span> <span class='ocrx_word' id='word_1_266' title='bbox 498 3643 561 3709; x_wconf 88' lang='lat' dir='ltr'><strong>Dio</strong></span> <span class='ocrx_word' id='word_1_267' title='bbox 582 3640 770 3726; x_wconf 73' lang='lat' dir='ltr'><strong>perhibetil</strong></span> 
     </span>
    </p>
   </div>
   <div class='ocr_carea' id='block_1_8' title="bbox 102 3821 1249 4097">
    <p class='ocr_par' dir='ltr' id='par_1_8' title="bbox 102 3821 1249 4097">
     <span class='ocr_line' id='line_1_35' title="bbox 188 3821 1248 3931; baseline 0.002 -16"><span class='ocrx_word' id='word_1_268' title='bbox 188 3866 213 3928; x_wconf 76' lang='grc' dir='ltr'><strong>ι)</strong></span> <span class='ocrx_word' id='word_1_269' title='bbox 231 3861 301 3915; x_wconf 83' lang='lat' dir='ltr'><strong>Plut.</strong></span> <span class='ocrx_word' id='word_1_270' title='bbox 319 3861 384 3916; x_wconf 80' lang='lat' dir='ltr'><strong>Aut.</strong></span> <span class='ocrx_word' id='word_1_271' title='bbox 402 3864 432 3914; x_wconf 80' lang='lat' dir='ltr'><strong>nr</strong></span> <span class='ocrx_word' id='word_1_272' title='bbox 453 3865 521 3915; x_wconf 77' lang='lat' dir='ltr'><strong>extr.</strong></span> <span class='ocrx_word' id='word_1_273' title='bbox 557 3859 610 3915; x_wconf 85' lang='lat' dir='ltr'><strong>Dio</strong></span> <span class='ocrx_word' id='word_1_274' title='bbox 628 3864 670 3927; x_wconf 81' lang='grc'><strong>41,</strong></span> <span class='ocrx_word' id='word_1_275' title='bbox 689 3863 730 3914; x_wconf 83' lang='lat' dir='ltr'><strong>ao.</strong></span> <span class='ocrx_word' id='word_1_276' title='bbox 799 3863 826 3926; x_wconf 82' lang='lat' dir='ltr'><strong>a)</strong></span> <span class='ocrx_word' id='word_1_277' title='bbox 844 3860 896 3915; x_wconf 84' lang='lat' dir='ltr'><strong>uio</strong></span> <span class='ocrx_word' id='word_1_278' title='bbox 914 3821 957 3927; x_wconf 64' lang='lat' dir='ltr'><strong>rs,</strong></span> <span class='ocrx_word' id='word_1_279' title='bbox 980 3867 999 3915; x_wconf 88' lang='lat'><strong>1.</strong></span> <span class='ocrx_word' id='word_1_280' title='bbox 1025 3863 1098 3931; x_wconf 83' lang='lat' dir='ltr'><strong>App.</strong></span> <span class='ocrx_word' id='word_1_281' title='bbox 1111 3861 1138 3916; x_wconf 84' lang='lat' dir='ltr'><strong>u.</strong></span> <span class='ocrx_word' id='word_1_282' title='bbox 1151 3877 1174 3916; x_wconf 87' lang='lat' dir='ltr'><strong>c.</strong></span> <span class='ocrx_word' id='word_1_283' title='bbox 1188 3868 1212 3929; x_wconf 79' lang='lat' dir='ltr'><strong>e,</strong></span> <span class='ocrx_word' id='word_1_284' title='bbox 1225 3867 1248 3917; x_wconf 85' lang='lat' dir='ltr'><strong>a.</strong></span> 
     </span>
     <span class='ocr_line' id='line_1_36' title="bbox 103 3944 1249 4016; baseline 0.002 -16"><span class='ocrx_word' id='word_1_285' title='bbox 103 3951 128 4012; x_wconf 85' lang='lat'><strong>3)</strong></span> <span class='ocrx_word' id='word_1_286' title='bbox 144 3948 216 4016; x_wconf 88' lang='lat' dir='ltr'><strong>App.</strong></span> <span class='ocrx_word' id='word_1_287' title='bbox 233 3947 260 4001; x_wconf 93' lang='lat' dir='ltr'><strong>b.</strong></span> <span class='ocrx_word' id='word_1_288' title='bbox 280 3962 303 4001; x_wconf 89' lang='lat' dir='ltr'><strong>c.</strong></span> <span class='ocrx_word' id='word_1_289' title='bbox 322 3951 345 4013; x_wconf 80' lang='lat' dir='ltr'><strong>t,</strong></span> <span class='ocrx_word' id='word_1_290' title='bbox 364 3950 406 4001; x_wconf 82' lang='lat'><strong>95.</strong></span> <span class='ocrx_word' id='word_1_291' title='bbox 428 3950 474 4000; x_wconf 87' lang='grc'><strong>134</strong></span> <span class='ocrx_word' id='word_1_292' title='bbox 492 3961 532 4014; x_wconf 88' lang='lat' dir='ltr'><strong>sq.</strong></span> <span class='ocrx_word' id='word_1_293' title='bbox 559 3944 614 4000; x_wconf 91' lang='lat' dir='ltr'><strong>Dio</strong></span> <span class='ocrx_word' id='word_1_294' title='bbox 631 3948 673 4010; x_wconf 84' lang='grc'><strong>48,</strong></span> <span class='ocrx_word' id='word_1_295' title='bbox 692 3950 732 3998; x_wconf 78' lang='grc'><strong>54.</strong></span> <span class='ocrx_word' id='word_1_296' title='bbox 757 3944 828 4000; x_wconf 94' lang='lat' dir='ltr'><strong>Plut.</strong></span> <span class='ocrx_word' id='word_1_297' title='bbox 838 3947 901 4000; x_wconf 84' lang='lat' dir='ltr'><strong>Ant</strong></span> <span class='ocrx_word' id='word_1_298' title='bbox 920 3951 961 4001; x_wconf 84' lang='lat'><strong>35.</strong></span> <span class='ocrx_word' id='word_1_299' title='bbox 1031 3949 1058 4010; x_wconf 83' lang='grc'><strong>4)</strong></span> <span class='ocrx_word' id='word_1_300' title='bbox 1076 3947 1102 4000; x_wconf 89' lang='lat' dir='ltr'><strong>b.</strong></span> <span class='ocrx_word' id='word_1_301' title='bbox 1123 3961 1146 4001; x_wconf 91' lang='lat' dir='ltr'><strong>c.</strong></span> <span class='ocrx_word' id='word_1_302' title='bbox 1165 3953 1189 4013; x_wconf 81' lang='lat'><strong>5,</strong></span> <span class='ocrx_word' id='word_1_303' title='bbox 1208 3951 1249 4003; x_wconf 74' lang='lat'><strong>24.</strong></span> 
     </span>
     <span class='ocr_line' id='line_1_37' title="bbox 102 4028 1018 4097; baseline 0.003 -13"><span class='ocrx_word' id='word_1_304' title='bbox 102 4031 185 4097; x_wconf 70' lang='lat' dir='ltr'><strong>tillo.</strong></span> <span class='ocrx_word' id='word_1_305' title='bbox 204 4034 245 4084; x_wconf 78' lang='lat' dir='ltr'><strong>io.</strong></span> <span class='ocrx_word' id='word_1_306' title='bbox 281 4029 316 4085; x_wconf 84' lang='lat' dir='ltr'><strong>cf.</strong></span> <span class='ocrx_word' id='word_1_307' title='bbox 335 4034 376 4085; x_wconf 81' lang='lat'><strong>27.</strong></span> <span class='ocrx_word' id='word_1_308' title='bbox 446 4035 472 4097; x_wconf 88' lang='grc'><strong>6)</strong></span> <span class='ocrx_word' id='word_1_309' title='bbox 490 4034 532 4095; x_wconf 87' lang='grc'><strong>48,</strong></span> <span class='ocrx_word' id='word_1_310' title='bbox 550 4035 591 4083; x_wconf 80' lang='grc'><strong>45.</strong></span> <span class='ocrx_word' id='word_1_311' title='bbox 628 4029 662 4085; x_wconf 86' lang='lat' dir='ltr'><strong>cf.</strong></span> <span class='ocrx_word' id='word_1_312' title='bbox 681 4028 774 4097; x_wconf 81' lang='lat' dir='ltr'><strong>Lange</strong></span> <span class='ocrx_word' id='word_1_313' title='bbox 791 4029 824 4084; x_wconf 86' lang='lat' dir='ltr'><strong>R.</strong></span> <span class='ocrx_word' id='word_1_314' title='bbox 842 4031 875 4085; x_wconf 88' lang='lat' dir='ltr'><strong>A.</strong></span> <span class='ocrx_word' id='word_1_315' title='bbox 894 4030 942 4096; x_wconf 86' lang='lat'><strong>111,</strong></span> <span class='ocrx_word' id='word_1_316' title='bbox 960 4035 1018 4089; x_wconf 83' lang='grc'><strong>566.</strong></span> 
     </span>
    </p>
   </div>
   <div class='ocr_carea' id='block_1_9' title="bbox 0 0 1510 4784">
    <p class='ocr_par' dir='ltr' id='par_1_9' title="bbox 0 0 1510 4784">
     <span class='ocr_line' id='line_1_38' title="bbox 0 0 1510 4784; baseline 0 0"><span class='ocrx_word' id='word_1_317' title='bbox 0 0 1510 4784; x_wconf 95' lang='lat' dir='ltr'><strong> </strong></span> 
     </span>
    </p>
   </div>
  </div>
 </body>
</html>
