2996 4784
424 296 489 352 lasti
507 276 700 365 Hispaniarum
718 294 923 364 provinciarum.
1211 295 1250 357 89

96 468 173 537 libri
200 469 376 554 intercidit3
405 466 523 535 deinde
551 473 815 534 commemoratur
840 465 954 532 iterum
977 466 1130 533 Claudius
1153 470 1248 555 Nero,

100 570 155 653 qui
177 569 349 656 paludatus
370 570 463 638 Pisas
484 571 517 634 in
540 568 737 654 provinciam
758 571 920 653 profectus
942 573 991 635 est
1004 573 1036 652 1),
1059 574 1092 635 et
1113 571 1154 635 Μ.
1171 571 1249 636 Titi-
1369 566 1373 573 ’

97 673 171 740 nius
192 677 330 757 praetor,
354 672 462 753 quiin
485 671 566 737 aede
588 671 743 738 Bellonae
764 671 813 736 Ti.
837 670 1024 753 Sempronio
1051 670 1194 739 Graccho
1218 674 1250 741 ct

97 775 135 843 L.
157 773 321 840 Postumio
343 772 460 839 Albino
483 792 525 838 ex
539 772 696 856 Hispania
719 771 924 838 redeuntibus
946 778 1091 839 senatum
1114 771 1203 839 dedit
1212 774 1249 858 2),

100 892 175 957 ergo
198 880 380 959 praeturam
403 874 574 957 urbanam,
604 894 667 941 non
690 872 879 956 Hispaniam
905 879 1017 939 nactus
1039 880 1116 940 erat.
1161 877 1250 945 Duos

96 977 196 1059 igitur
218 976 354 1043 Titinios
385 997 422 1043 co
451 995 534 1042 anno
563 981 725 1060 praetores
750 974 849 1051 fuisse
870 993 1001 1041 necesse
1024 981 1088 1059 est,
1118 996 1250 1058 quorum

99 1078 184 1144 alter
205 1076 392 1160 cognomine
414 1078 510 1143 Ourvi
531 1076 695 1162 praeditus
718 1112 759 1121 -
782 1096 853 1141 cum
876 1076 960 1142 enim
978 1078 1088 1144 Livius
1110 1079 1249 1146 secundo

97 1181 170 1247 loco
192 1179 299 1245 dicere
321 1179 480 1261 videtur3)
495 1215 538 1225 -
552 1186 681 1263 praetor
701 1178 850 1260 urbanus,
873 1179 956 1244 alter
977 1180 1111 1245 alteram
1133 1179 1249 1265 Hispa-

97 1283 185 1353 niam
208 1281 405 1364 provinoiam
426 1281 556 1347 sortitus
571 1286 647 1347 erat.
685 1280 798 1348 Utram
816 1280 972 1363 habuerit,
995 1280 1135 1347 nondum
1150 1281 1249 1348 mani-

97 1384 215 1453 festum
237 1389 302 1467 est,
331 1382 366 1449 fit
388 1389 496 1449 autem
518 1382 610 1449 tertio
632 1382 717 1448 Livii
738 1383 809 1448 loco
820 1380 861 1464 1),
888 1400 950 1463 quo
973 1381 1166 1466 Celtiberos,
1195 1383 1250 1466 qui

98 1484 186 1553 bello
215 1484 327 1550 domiti
353 1503 388 1549 se
411 1485 460 1550 Ti.
484 1484 628 1551 Graccho
658 1484 837 1566 dedissent,
865 1482 973 1568 pacati
996 1484 1186 1552 mansissent
1208 1487 1249 1551 Μ.
1357 1518 1361 1525 ·

98 1585 219 1653 'Pitinio
241 1592 388 1670 praetore
409 1585 572 1652 obtinente
587 1584 795 1670 provinciam,
816 1585 990 1650 rebellasse
1007 1585 1104 1651 refert
1118 1587 1179 1651 sub
1194 1587 1249 1651 ad·

97 1693 230 1755 ventum
245 1689 305 1771 Ap.
321 1685 462 1772 Claudii3
485 1693 518 1754 et
538 1687 641 1769 magis
663 1687 762 1752 etiam
785 1692 897 1767 quarto
920 1684 1039 1770 looo⁵)‚
1063 1687 1118 1767 qui
1140 1694 1188 1754 est
1210 1688 1250 1757 de

97 1790 286 1873 quaestione
308 1790 555 1873 repetundarum
577 1796 708 1873 propter
727 1788 940 1872 Hispanorum
962 1790 1152 1872 populorum
1175 1809 1250 1872 que-

98 1893 185 1957 relas
214 1892 314 1956 facta:
338 1889 419 1957 ‘cum
441 1891 483 1956 Μ.
506 1890 626 1955 Titinio
656 1890 807 1975 primum,
832 1891 890 1969 qui
918 1896 1047 1973 praetor
1069 1889 1106 1956 A.
1130 1891 1249 1958 Manlio

98 1993 143 2058 M.
166 1993 254 2057 Iunio
277 1992 460 2059 consulibus
482 1993 514 2056 in
537 1992 682 2058 citeriore
704 1990 861 2074 Hispania
882 1991 995 2071 fuerat,
1022 1992 1250 2074 reciperatores
1363 1982 1368 1993 ’

100 2093 322 2177 sumpserunt.
356 2096 405 2159 De
421 2093 541 2159 Titinio
562 2094 660 2175 igitur
680 2091 760 2158 nihil
782 2091 939 2172 reliquum
962 2095 1012 2157 est
1026 2091 1248 2177 dubitationis;

98 2201 195 2261 atne
217 2194 257 2260 dc
279 2195 413 2262 Fonteio
436 2193 565 2277 quidem
589 2192 728 2259 dubitari
749 2181 871 2277 potest',
900 2194 1019 2278 quippe
1041 2195 1093 2259 cui
1114 2195 1250 2263 comitiis

95 2297 268 2381 praetoriis
300 2303 408 2363 creato
443 2290 611 2381 imp'erium
644 2302 849 2391 prorogatum
882 2315 953 2362 esse
985 2316 1027 2361 a.
1046 2300 1106 2362 518
1139 2298 1250 2363 Livius

97 2404 240 2467 testetur.
285 2397 420 2480 Utrique
449 2398 589 2484 praetori
616 2397 672 2463 illo
699 2418 782 2463 anno
813 2398 1064 2482 supplementum
1092 2400 1256 2466 exercitus

96 2498 293 2583 miserunt.⁶)
339 2501 509 2566 Praeterea
537 2497 577 2563 de
606 2498 645 2564 iis
671 2518 775 2581 pauca
796 2494 981 2564 adnotanda
1004 2499 1166 2585 videntur,
1196 2503 1249 2584 qui

97 2599 214 2667 eodem
236 2622 319 2667 anno
341 2602 522 2684 provincias
544 2600 719 2685 Hispanias
740 2597 963 2683 repudiabant.
1002 2600 1044 2664 M.
1068 2601 1248 2667 Cornelium

95 2702 282 2787 Scipionem
305 2702 555 2783 Maluginensem
583 2702 756 2786 periurium
781 2699 896 2766 fecisse
919 2707 1013 2766 etex
1037 2700 1120 2767 Livii
1144 2703 1249 2769 verbis

95 2824 198 2888 supra
219 2804 387 2889 exscriptis
410 2810 442 2870 et
460 2825 501 2870 ex
517 2825 555 2871 eo
571 2804 779 2889 cognoscitur,
803 2801 888 2882 quod
902 2809 1016 2887 postea
1030 2823 1050 2869 a
1066 2796 1251 2870 censoribus

96 2903 139 2970 de
162 2912 276 2971 senatu
300 2905 419 2972 eiectus
442 2904 530 2988 esti)
566 2902 659 2984 Quod
681 2904 801 2969 factum
823 2903 869 2970 ita
884 2903 996 2971 Livius
1015 2911 1249 2988 commemorat,

6 3066 7 3071 ,
95 3014 131 3071 ut
154 3014 210 3072 aut
232 3005 414 3072 memoriae
427 3007 521 3090 lapsu
542 3012 598 3071 aut
620 3005 715 3070 nimis
736 3004 869 3070 obscure
893 3005 1013 3070 scribat
1035 3003 1099 3086 ‘qui
1122 3004 1250 3072 biennio
1326 3056 1332 3065 .

6 3102 7 3107 ’
95 3113 174 3172 ante
203 3115 332 3190 praetor
360 3107 393 3171 in
417 3105 573 3192 Hispania
600 3107 722 3187 iuerat',
750 3124 820 3170 cum
842 3106 981 3172 scribere
1004 3106 1168 3173 debuisset
1189 3107 1251 3172 ‘cui

96 3209 128 3275 b.
145 3229 175 3274 a.
191 3208 331 3293 praetori
352 3208 511 3292 Hispania
532 3207 724 3276 obvenerat'.
762 3209 839 3273 Post
857 3207 968 3274 Sullae
990 3214 1130 3274 aetatem
1152 3207 1250 3293 magi-

97 3308 253 3377 stratibus
275 3308 363 3375 nullo
385 3310 586 3377 iureiurando
605 3308 750 3375 adhibito
769 3309 898 3376 licuisse
913 3310 1039 3376 videtur
1053 3309 1250 3394 provinciam

98 3410 385 3478 administrandam
407 3418 464 3478 aut
485 3411 631 3493 accipere
653 3416 710 3475 aut
734 3408 893 3493 reicere.⁸)

100 3516 171 3578 579.
195 3514 256 3597 Ap.
280 3511 432 3580 Claudius
456 3513 578 3579 Centho
600 3516 701 3596 praet.
725 3510 764 3575 Η.
788 3512 839 3577 cit
864 3511 1020 3595 (procos.)

253 3613 323 3681 Liv.
349 3621 406 3699 41,
429 3619 479 3681 26.
509 3611 660 3680 Celtiberi
688 3611 720 3676 in
742 3612 915 3697 Hispania,
945 3613 999 3696 qui
1029 3612 1114 3678 bello
1140 3611 1252 3677 domiti

190 3785 212 3845 1)
231 3779 289 3834 Liv.
309 3750 350 3848 li,
369 3788 393 3837 5.
464 3787 490 3850 2)
509 3787 550 3847 41,
569 3784 592 3832 t.
663 3782 687 3842 3)
705 3778 804 3844 Alteri,
828 3780 1042 3849 quotiescunque
1065 3782 1161 3848 postea
1179 3793 1251 3833 com-

99 3870 245 3932 memorat,
270 3881 418 3933 cognomen
440 3866 507 3920 illud
527 3877 660 3933 nusquam
678 3862 809 3916 attribuit.
888 3868 913 3927 4)
938 3869 980 3929 41,
999 3868 1039 3918 26.
1118 3867 1143 3930 5)
1166 3867 1208 3928 43,
1226 3866 1250 3917 2.

101 3956 187 4017 6141,
209 3955 247 4004 lb.
318 3954 343 4015 ’11
362 3955 404 4016 41,
424 3954 465 4004 27.
489 3950 523 4004 ci.
543 3949 636 4017 Lange
653 3946 686 4002 R.
705 3949 737 4000 A.
755 3946 796 4014 11,
814 3964 839 4015 p.
859 3951 918 4001 245.
938 3951 998 4003 261.
1068 3952 1094 4016 8)
1112 3948 1167 4004 (iio.
1187 3946 1250 4002 iam.

100 4040 126 4102 5,
145 4039 168 4102 2,
187 4040 210 4089 3.
230 4034 264 4090 ci.
283 4033 442 4099 Mommsen,
461 4033 572 4087 Staatsr.
590 4033 626 4099 11,
648 4036 669 4098 1,
687 4047 713 4100 p.
734 4035 792 4085 207.
