2996 4784
437 316 502 372 fasti
519 316 710 386 Hispaniarum
727 317 933 386 provinciarum.
1227 321 1268 382 85

269 488 371 554 Dives
393 489 581 573 Hispaniam
604 489 795 556 ulteriorem.
823 489 867 555 ib.
885 495 934 556 57.
957 492 1019 558 Per
1041 492 1172 579 eosdem
1187 492 1270 577 dies,

269 589 384 671 quibus
412 590 494 656 haee
515 596 607 673 gesta
632 595 720 674 sunt,
752 590 853 674 legati
874 592 1121 660 Massiliensium
1144 596 1267 661 nuntia

269 697 343 757 runt
363 691 399 757 L.
422 691 577 757 Baebium
599 700 778 776 praetorem
804 694 836 758 in
858 694 1056 777 provinciam
1078 696 1269 781 Hispaniam

236 828 242 833 ’
269 792 521 879 profioiseentem
536 793 578 858 ab
593 794 763 875 Liguribus
778 796 1027 862 cirumventam
1045 816 1163 881 magna
1176 803 1270 883 parte

270 895 420 960 comitum
453 913 549 965 oaesa
580 897 783 961 vulneratum
815 897 919 980 ipsum
953 917 1024 963 aum
1056 899 1167 981 pausis
1199 899 1270 964 sine

209 1068 211 1073 ¹
269 996 433 1062 lictoribus
461 995 637 1061 Massiliam
667 997 845 1082 perfugisse
875 1005 906 1063 et
933 999 1017 1064 intra
1044 997 1184 1064 triduum
1214 1019 1269 1066 ex·
1303 984 1307 991 ’

270 1096 418 1181 spirasse.
462 1104 592 1163 senatus
614 1116 654 1164 ea
676 1119 711 1164 re
733 1098 844 1165 audita
865 1099 1016 1182 decrevit
1039 1100 1085 1166 uti
1107 1101 1142 1164 Ρ.
1160 1100 1269 1165 Iunius

269 1199 395 1278 Brutus,
419 1198 473 1278 qui
495 1205 681 1282 propraetor
702 1201 736 1265 in
757 1200 886 1265 Etruria
907 1205 1000 1283 esset,
1026 1200 1193 1285 provinoia
1214 1221 1270 1267 ex·

270 1300 433 1380 ercituque
455 1299 581 1365 traditis
603 1302 658 1366 uni
681 1302 730 1367 oui
753 1303 916 1367 videretur
942 1321 983 1366 ex
1006 1302 1122 1383 legatis
1143 1303 1214 1387 ipse
1235 1302 1268 1366 in

206 1488 209 1495 Ι
269 1401 452 1467 ulteriorem
475 1400 663 1485 Hispaniam
685 1402 938 1487 proficisceretur
961 1422 1063 1486 eaque
1088 1404 1117 1468 ei
1139 1403 1267 1488 provin·

211 1528 213 1533 ·
270 1503 319 1568 oia
340 1509 434 1568 esset,

200 1606 373 1670 Nummum
386 1605 422 1668 L.
436 1602 554 1667 Plautii
566 1604 711 1688 Hypsaei
726 1603 895 1688 descripsit
910 1604 1144 1689 Borghesiusa)
1172 1606 1269 1671 Prae-

112 1712 205 1774 terea
226 1725 330 1787 neque
352 1704 393 1770 de
416 1725 454 1771 eo
476 1723 580 1785 neque
602 1704 644 1771 de
665 1706 764 1771 Bruto
786 1708 956 1787 quisquam
982 1704 1125 1772 traditur.

114 1811 296 1875 aso-567.
311 1808 347 1873 L.
363 1805 501 1871 Manlius
515 1805 670 1873 Acidinus
685 1807 860 1873 Fuluianus
976 1832 985 1852 ·
1032 1806 1189 1891 (procos.)

311 1909 345 1974 (l.
369 1908 504 1974 Atinius.
907 1866 1019 1940 ΡΜ
1032 1908 1269 1993 (propraetor.)

270 2010 338 2074 Liv.
355 2013 406 2092 38,
427 2014 476 2074 35.
498 2014 664 2093 praetores
685 2008 762 2074 inde
783 2009 887 2075 sortiti
909 2016 997 2074 sunt:
1012 2045 1054 2054 -—
1071 2044 1114 2055 -
1128 2011 1165 2074 L.
1180 2010 1268 2076 Man=

269 2111 331 2176 lius
354 2111 542 2195 Hispaniam
565 2110 758 2193 eiteriorem,
789 2111 823 2177 O.
846 2109 973 2177 Atinius
1000 2111 1182 2176 ulteriorem
1204 2131 1270 2177 sor-

268 2214 344 2278 titus
367 2220 423 2278 est.
469 2214 508 2278 ef.
532 2211 672 2294 Obsequ.
697 2216 725 2278 2.

195 2314 234 2380 A.
247 2319 308 2379 566
324 2314 471 2380 eonsules
483 2312 589 2380 idibus
601 2314 723 2378 Martiis
737 2314 959 2394 magistratum
971 2312 1080 2380 iniisse
1089 2311 1124 2397 ²),
1140 2313 1270 2380 comitia

114 2418 149 2484 in
170 2417 380 2501 posteriorem
403 2434 519 2480 annum
542 2415 654 2481 habita
676 2436 704 2480 a.
728 2414 759 2479 d.
782 2415 846 2479 XII
867 2414 941 2480 Kal.
962 2413 1085 2497 Mart.³)
1109 2415 1196 2499 apud
1217 2416 1269 2480 Li-

117 2519 205 2585 vium
220 2517 365 2599 legimus.
391 2515 567 2598 Hispaniae
582 2506 817 2601 provinciarum
832 2515 996 2581 sortitione
1012 2523 1166 2600 exceptae
1181 2523 1269 2599 sunt3

17 2694 20 2701 p
114 2620 227 2702 itaque
242 2618 404 2683 veteribus
418 2615 619 2701 praetoribus
633 2617 803 2702 imperium
818 2621 1021 2701 prorogatum
1038 2620 1095 2682 est.
1129 2616 1269 2693 Quorum

114 2722 245 2788 nuntios
266 2725 403 2785 exeunte
425 2737 509 2784 anno
532 2718 677 2801 proximo
703 2723 835 2783 senatus
862 2715 1002 2798 audivit,
1031 2715 1088 2783 sed
1112 2717 1270 2784 oonsulta-

114 2824 237 2890 tionem
266 2822 306 2885 de
335 2820 491 2886 militibus
519 2820 552 2884 in
581 2819 837 2904 supplementum
865 2818 905 2883 iis
927 2818 1090 2885 mittendis
1111 2819 1270 2900 integram

115 2924 161 2991 ad
182 2942 283 2990 novos
305 2920 509 3007 magistratus
531 2919 681 3003 reiecitl)
725 2922 776 2986 De
798 2918 897 2984 Atinii
921 2924 1021 2985 morte
1043 2942 1072 2986 a.
1097 2923 1176 3001 568,
1198 2938 1270 2985 oum

3 3106 4 3109 Ἴ
115 3027 182 3091 iarn
204 3026 238 3090 in
261 3043 299 3089 eo
322 3029 416 3105 esset,
440 3028 475 3087 ut
496 3021 573 3086 novi
594 3028 759 3105 praetores
781 3021 814 3085 in
836 3020 1018 3104 provincias
1032 3018 1269 3103 prolioiseeren·

115 3133 184 3210 tur,
213 3131 343 3193 senatus
372 3123 486 3190 sentior
515 3123 618 3189 faetus
640 3121 683 3187 ad
709 3121 867 3188 ulterioris
889 3121 1065 3207 Hispaniae
1090 3126 1271 3204 praetorem

116 3227 204 3293 misit
231 3228 391 3313 nuntium,
421 3225 476 3308 qui
504 3244 578 3289 eum
600 3226 760 3289 maturare
781 3223 921 3307 iuberet3
949 3223 1012 3303 sed
1035 3223 1091 3288 ille
1112 3222 1269 3315 iampro·

115 3331 220 3396 festus
249 3326 358 3410 erati)
407 3325 527 3392 Manlio
556 3324 734 3408 triumphus
766 3326 944 3409 denegatus
979 3332 1042 3405 est,
1080 3324 1157 3404 quia
1183 3344 1271 3390 more

116 3431 274 3497 maiorum
296 3448 390 3495 nemo
412 3427 519 3493 adhue
540 3424 776 3509 triumphasset,
800 3427 855 3507 qui
875 3424 1051 3490 exereitum
1072 3443 1136 3489 non
1157 3423 1271 3508 depor-

116 3537 229 3615 tasset,
251 3530 314 3596 nisi
335 3506 547 3613 perdo'mitam
562 3533 774 3611 pacatamque
788 3525 987 3610 provinoiam
1001 3524 1186 3592 tradidisset
1201 3545 1269 3591 sue

118 3629 279 3714 sessoria)
321 3631 440 3695 Postea
462 3649 533 3694 oum
555 3628 676 3694 Nasiea
697 3634 730 3692 et
751 3627 785 3694 O.
807 3626 967 3693 Flaminio
992 3624 1149 3691 coloniam
1171 3626 1270 3707 Aqui-

116 3735 217 3801 leiam
240 3731 375 3798 deduxit
387 3729 429 3815 Ἰ),
451 3730 561 3796 oonsnl
583 3749 611 3794 a.
636 3733 698 3793 575
720 3730 823 3794 laetus
845 3724 934 3809 est.⁸)

209 3970 233 4034 t)
258 3966 376 4022 esuries
392 3965 414 4032 1,
432 3981 459 4033 p.
478 3968 536 4018 aas.
612 3967 638 4027 a)
661 3961 719 4016 Liv.
738 3964 779 4026 ss,
799 3965 840 4015 aa.
916 3962 942 4024 a)
964 3960 1005 4023 as,
1024 3960 1064 4010 sa.
1134 3960 1160 4023 a)
1187 3960 1227 4024 aa,
1246 3963 1270 4012 s.

119 4056 147 4117 a)
167 4056 208 4118 aa,
227 4055 268 4105 m.
339 4052 424 4129 9999,
443 4052 483 4102 aa.
554 4051 579 4114 a)
598 4050 639 4114 99,
658 4052 698 4101 aa.
770 4048 794 4111 9)
812 4049 853 4112 ro,
873 4049 904 4098 ss
930 4041 965 4098 cf.
985 4045 1025 4097 se.
