2996 4784
248 304 309 364 100
684 302 822 358 Detlevius
839 300 974 356 Wilsdorf

247 495 327 558 esse,
350 475 605 559 postPlautium
628 471 797 540 Claudium
819 471 1014 539 Unimanum
1038 472 1187 555 Orosius,
1209 478 1283 555 post
1304 470 1415 537 Olau-

248 577 336 642 dium
350 574 516 660 Nigidium
534 574 683 660 Figulum
698 579 808 641 auotor
821 571 863 639 de
878 573 956 638 viris
970 573 1162 640 illustribus:
1178 579 1245 638 tum
1260 571 1415 654 denique

248 677 409 743 oonsulem
437 677 569 743 missum
598 696 669 743 esse
698 695 807 741 omnes
834 676 1043 741 consentiunt.
1088 675 1248 741 Plautium
1269 680 1416 758 propter

248 776 357 845 olades
386 783 535 861 acceptas
563 777 685 844 Romae
709 781 896 842 aoousatum
925 777 958 842 in
988 777 1135 853 exsilium
1165 796 1201 842 se
1226 775 1413 842 contulisse

247 879 409 946 Diodorus
431 879 522 944 testis
545 880 633 962 est1),
657 878 698 944 de
720 878 851 958 reliquis
872 878 1141 963 nihilpraetorea
1165 883 1275 943 notum
1298 882 1363 941 est.

170 1054 179 1060 ,
248 984 427 1045 toa-610.
457 979 491 1044 O.
514 980 643 1046 Laelius
665 978 830 1064 (Sapiens)
853 984 952 1063 praet.

459 1080 496 1160 Q.
519 1083 638 1148 Fabius
661 1082 820 1148 Maximus
842 1082 1041 1148 Aemilianus
1064 1101 1127 1146 oos.

402 1181 467 1247 Oio.
482 1183 571 1248 Lael.
588 1187 639 1266 25,
655 1187 706 1249 96.
722 1184 839 1266 Atque,
861 1190 896 1249 ut
918 1183 960 1249 ad
980 1204 1031 1249 me
1045 1181 1186 1262 redeam,
1210 1178 1411 1245 meministis

401 1284 438 1364 Q.
454 1284 595 1351 Maximo
611 1321 651 1329 —
676 1321 715 1330 -
739 1292 771 1351 et
791 1286 827 1351 L.
843 1285 990 1357 Manaino
1013 1302 1092 1350 ooss.
1117 1302 1213 1364 quam
1234 1280 1411 1366 popularis

400 1387 454 1451 lex
484 1385 525 1450 de
554 1385 740 1453 sacerdotiis
769 1385 803 1453 Ο.
826 1385 941 1451 Licinii
969 1384 1075 1451 Crassi
1101 1384 1270 1449 videbatur
1295 1419 1341 1428 —
1366 1417 1411 1429 -

401 1487 506 1568 Atque
521 1487 557 1553 id
571 1494 677 1554 aetum
686 1495 741 1555 ⁴est
755 1492 908 1573 praetore·
916 1506 967 1553 me
983 1483 1198 1567 quinquennio
1214 1489 1288 1550 ante
1304 1503 1410 1564 quam

400 1590 510 1655 oonsul
533 1609 604 1656 sum
624 1589 735 1656 fartus.
1295 1616 1296 1621 ¹

343 1674 346 1693 ”
401 1691 466 1756 Cio.
489 1690 542 1756 off.
566 1695 596 1773 2,
622 1697 670 1774 11,
694 1695 744 1756 40.
767 1689 931 1755 Viriathus
962 1689 1131 1755 Lusitanus
1153 1722 1196 1732 -—
1217 1721 1275 1768 -,
1306 1705 1410 1767 quem

402 1791 436 1857 0.
459 1790 599 1873 Laelius,
621 1790 650 1855 is
672 1791 726 1873 qui
744 1790 880 1875 Sapiens
902 1796 1080 1874 usurpatur,
1103 1794 1231 1873 praetor
1252 1787 1353 1870 fregit
1377 1792 1409 1853 et

402 1891 585 1958 eomminuit
607 1891 868 1972 ferocitatemque
892 1891 960 1958 eius
982 1890 1028 1956 ita
1053 1890 1221 1975 repressit,
1249 1893 1285 1953 ut
1306 1888 1409 1955 faeile

402 1993 521 2059 bellum
542 1993 674 2074 reliquis
697 1993 846 2061 traderet.
892 1993 930 2060 of.
954 1994 1041 2058 Brut.
1065 1994 1116 2073 21,
1140 1993 1190 2055 84.

401 2094 483 2179 App.
506 2095 554 2158 Ib.
579 2099 627 2178 65.
652 2087 698 2159 ὧν
728 2094 762 2159 οἱ
791 2092 826 2160 ἐν
850 2091 946 2160 δίστει
965 2088 1120 2174 Ῥωμαῖοι
1145 2087 1410 2171 πυνθανόμενοι

403 2192 533 2276 Φέβιον
563 2191 723 2274 Μάξιμον
746 2193 952 2276 Αίμιλιανόν
981 2191 1146 2274 Αἰμιλίου
1175 2189 1314 2256 Παύλου
1346 2197 1408 2255 τοῦ

401 2297 540 2377 Περσέα
554 2292 612 2357 τόν
628 2293 839 2361 Μακεδόνων
855 2294 997 2379 βασιλέα
1012 2291 1189 2369 ἀνελόντος
1206 2289 1280 2356 υἱόν
1296 2290 1409 2371 έπεμ-

401 2417 468 2459 πον
497 2393 533 2471 ἐς
557 2392 710 2482 Ἰβηρίαν.
737 2433 778 2442 -
799 2433 842 2444 ·-
864 2394 949 2478 μετὰ
979 2394 1016 2460 δὲ
1044 2399 1192 2475 χειμῶνα
1215 2414 1406 2477 γεγυμνασ-

297 2528 302 2535 ‘
401 2500 491 2581 μένῳ
513 2502 560 2582 τῷ
584 2503 715 2583 στρατῷ
737 2502 899 2582 τρέπεται
923 2493 1094 2581 [δεύτερος
1117 2491 1189 2580 dds]
1214 2493 1271 2559 τόν
1299 2493 1408 2580 Οὐρί-

401 2603 511 2663 ordor
533 2598 644 2675 καλῶς
665 2596 921 2682 ἀγωνισάμενον
937 2598 994 2661 καὶ
1010 2594 1129 2673 πόλεις
1144 2593 1249 2659 αὐτοῦ
1264 2594 1325 2660 δύο
1344 2595 1405 2681 τὴν

401 2700 462 2782 μὲν
485 2697 675 2784 διήρπασεν
690 2699 757 2784 Ιτήν
782 2699 818 2765 δὲ
842 2698 1037 2784 ἐνέπρησεν,
1060 2695 1161 2760 αὐτόν
1180 2721 1216 2761 τε
1233 2695 1407 2783 φεύγοντα

403 2798 439 2877 ἐς
459 2804 584 2883 χωρίον
607 2792 633 2884 ᾦ
657 2797 763 2881 όνομα
786 2791 827 2887 ἦν
850 2798 980 2883 Βαικὸρ
1012 2795 1144 2862 διώκων
1167 2796 1294 2862 ἔκτεινε
1318 2800 1406 2864 πολ-

402 2898 495 2978 λσός·
525 2903 582 2967 καὶ
610 2899 783 2983 ἐχείμαζεν
813 2900 848 2969 ἐν
871 2898 1029 2987 Κορδύβῃ
1058 2897 1214 2982 δεύτερον
1238 2897 1313 2975 stoc
1338 2899 1404 2986 ἤδη

402 3009 596 3089 στρατηγῶν
624 3003 723 3069 τοῦδε
752 3005 811 3068 τοῦ
841 3004 1000 3083 πολέμου.
1033 3000 1083 3073 ef.
1110 3000 1204 3066 Diod.
1228 3003 1284 3083 33,
1315 3007 1351 3085 1,
1375 3004 1404 3065 3.

403 3103 473 3169 Liv.
496 3124 546 3187 ep.
570 3109 620 3170 52.
664 3104 735 3168 Val.
757 3103 842 3168 Max.
867 3108 895 3186 6,
913 3109 948 3185 fl,
972 3107 1000 3167 2.

335 3204 449 3285 Neque
470 3205 647 3288 Appianus,
670 3203 724 3284 qui
746 3203 851 3286 oapite
874 3208 919 3267 16
933 3205 976 3270 ad
991 3202 1144 3270 citerioris
1159 3203 1337 3288 Hispaniae
1352 3222 1403 3271 res
1479 3200 1480 3279 l

248 3302 324 3370 indo
354 3304 396 3370 ab
426 3323 454 3368 a.
478 3308 537 3368 611
568 3310 677 3387 gestas
698 3303 882 3387 revertitur,
911 3325 1015 3389 neque
1037 3305 1120 3371 alius
1138 3311 1253 3373 ‚auctor
1273 3312 1405 3389 praeter

249 3398 435 3472 Ciceronem
453 3405 555 3472 Laelii
571 3404 877 3472 administrationem
893 3405 1139 3491 Hispaniensem
1156 3411 1401 3488 commemorat3
1479 3450 1480 3487 ,

250 3525 269 3573 e
291 3506 453 3573 Oioeronis
474 3513 582 3572 autem
604 3504 683 3571 loois
705 3525 809 3587 neque
830 3506 1082 3575 oonoludendum
1105 3512 1154 3574 est
1168 3507 1317 3574 Laelium
1339 3528 1402 3589 nou
1479 3502 1480 3547 δ

249 3613 324 3672 ante
346 3611 405 3671 611
430 3608 462 3671 in
485 3606 675 3692 Hispaniam
697 3607 872 3691 profertum
896 3628 967 3675 esse
977 3607 1003 3690 2)
1027 3627 1141 3691 neque,
1166 3607 1251 3690 quod
1272 3615 1403 3693 praetor

250 3706 382 3791 dieitur,
410 3727 507 3773 unum
530 3715 651 3775 tantum
673 3729 792 3775 annum
813 3709 859 3775 ibi
887 3709 1039 3794 fuissei),
1067 3710 1165 3777 immo
1188 3708 1317 3777 videtur
1337 3729 1402 3778 una
1479 3728 1480 3795 ς

283 3968 292 3975 -
336 3944 361 4004 1)
379 3943 454 4005 362.
508 3946 533 4001 21
552 3942 592 3998 01.
602 3942 757 4007 Hoffmann,
777 3941 811 3996 de
819 3941 936 3998 Viriathi
945 3942 1163 4012 Numantinoque
1175 3943 1255 4010 bello,
1268 3930 1398 4015 Gryphiu-

248 4023 360 4077 waldiee
379 4028 453 4094 1866,
470 4043 496 4096 p.
514 4030 555 4080 41.
625 4030 651 4094 3)
670 4025 711 4081 Of.
729 4027 836 4094 Zumpt,
853 4027 924 4082 stud.
942 4028 1020 4083 Rom.
1038 4045 1065 4097 p.
1086 4031 1124 4082 12.
