2996 4784
675 307 814 362 Detlevius
831 307 966 362 Wilsdorf

395 479 465 544 Liv.
489 484 540 561 45,
563 483 613 543 44.
642 478 759 545 deinde
788 485 953 563 praetores
982 468 1110 565 postero
1135 479 1245 545 dieb.
1269 480 1407 565 Iulium,

269 578 272 583 ’
395 582 431 645 L.
455 579 647 665 Appuleium
676 580 898 665 Saturninum,
928 582 966 648 A.
988 582 1145 648 Licinium
1170 582 1328 664 Nervam,
1359 583 1405 648 P.

395 683 548 748 Rutilium
572 683 714 767 Calvum,
737 685 772 749 P.
796 683 983 761 Quintilium
1005 685 1135 765 Varum,
1161 683 1202 747 M.
1225 683 1405 750 Fonteium

395 785 452 866 (sc.
469 782 639 868 crearunt).
669 785 719 850 his
734 785 934 869 praetoribus
950 785 1033 852 duae
1049 786 1192 853 urbanae
1209 784 1404 870 provinciae

395 891 468 951 sunt
490 883 647 968 decretae,
671 886 753 952 duae
776 884 962 972 Hispaniae,
986 887 1098 954 Sicilia
1119 906 1158 951 ac
1181 886 1340 952 Sardinia.
1359 881 1363 886 ’

326 987 466 1066 Quorum
495 995 678 1069 praetorum
709 1007 804 1068 quam
835 988 970 1070 quisque
993 989 1189 1073 provinciam
1212 988 1401 1073 obtinuerit,

239 1089 274 1156 id
295 1110 407 1175 parum
430 1095 551 1155 certum
574 1092 630 1155 est.
674 1088 822 1170 Namque
851 1091 880 1156 si
907 1092 977 1172 quis
1001 1090 1118 1156 dixerit
1138 1090 1264 1156 Livium
1287 1090 1340 1156 hio
1361 1091 1402 1157 in

239 1191 441 1277 appellandis
470 1191 644 1277 provinciis
672 1192 808 1265 eundem
837 1198 934 1273 atque
964 1194 997 1258 in
1026 1190 1226 1277 praetoribus
1249 1198 1401 1258 secutum

240 1314 311 1361 esse
334 1292 495 1376 ordinem,
519 1292 712 1374 quamquam
735 1291 781 1359 de'
797 1294 1031 1378 provinciarum
1055 1292 1220 1360 sortitione
1242 1292 1294 1359 hio
1316 1314 1400 1359 non-

240 1395 315 1462 dum
346 1395 466 1481 agitur,
495 1400 602 1478 potest
623 1413 700 1460 sane
722 1394 799 1460 anni
822 1398 883 1460 586
905 1395 1120 1462 narrationem
1143 1393 1281 1460 similem
1302 1415 1397 1478 repe-

239 1505 322 1582 tere,
352 1518 414 1580 quo
443 1496 554 1562 Livius
588 1495 826 1580 designatorum
858 1504 1045 1584 praetorum
1071 1504 1218 1577 quartum
1250 1497 1400 1564 nominat

239 1603 274 1666 P.
297 1600 465 1665 Fonteium
487 1597 639 1680 Balbum,
670 1596 786 1664 deinde
814 1598 1050 1682 provinciarum
1071 1619 1092 1662 a
1114 1605 1227 1665 senatu
1249 1600 1399 1666 nomina-

239 1711 342 1768 tarum
371 1701 486 1767 iterum
516 1705 662 1781 quartam
690 1698 789 1764 habet
810 1700 1016 1785 Hispaniam,
1046 1719 1142 1782 quam
1164 1701 1199 1765 Ρ.
1223 1701 1398 1767 Fonteium

238 1804 383 1870 sortitum
412 1820 483 1868 esse
511 1800 607 1885 paulo
636 1807 710 1883 post
734 1798 821 1866 idem
844 1800 936 1884 dicit,
968 1806 1065 1882 atque
1088 1800 1174 1867 idem
1196 1801 1238 1867 de
1260 1802 1396 1884 reliquis

239 1905 307 1971 eius
341 1904 416 1969 anni
447 1902 647 1987 praetoribus
681 1909 713 1967 et
743 1902 916 1986 provinciis
945 1904 1042 1970 valet.
1053 1902 1078 1984 1)
1128 1903 1172 1967 At
1199 1903 1395 1968 contrarium

238 2004 421 2089 exemplum
450 2002 645 2087 praecedens
675 2023 776 2069 annus
802 2005 952 2088 praebet,
984 2024 1046 2085 quo
1069 2004 1110 2070 M.
1134 2002 1287 2070 Claudius
1308 2004 1392 2070 Mar-

238 2108 337 2173 cellus
352 2111 481 2190 praetor
495 2106 633 2195 secu-ndo
649 2106 730 2187 loco,
752 2105 918 2190 Hispania,
935 2125 1029 2186 quam
1046 2105 1175 2171 sortitus
1191 2125 1262 2172 esse
1277 2113 1394 2191 postea

237 2198 368 2291 dicitur,
399 2208 493 2273 tertio
522 2208 592 2272 loco
621 2208 801 2272 nominatur
813 2204 853 2290 ²),
890 2212 987 2288 atque
1020 2206 1203 2273 huiusmodi
1232 2209 1393 2291 permulta

238 2310 389 2393 exempla
411 2313 546 2374 exstant.

309 2409 616 2476 Liviinarratione
645 2409 698 2474 hio
726 2410 863 2493 abrupta
886 2411 1039 2475 fastorum
1063 2429 1190 2493 quoque
1212 2416 1393 2476 nostrorum

237 2530 374 2595 maguae
402 2510 558 2596 incipiunt
587 2511 736 2592 lacunae,
766 2511 917 2592 quoniam
947 2532 987 2577 ex
1014 2512 1162 2596 epitomis
1183 2513 1393 2580 Livianarum

237 2612 440 2699 historiarum
463 2613 639 2693 ceterisque
663 2612 753 2677 libris
774 2632 878 2698 pauca
895 2612 1068 2677 admodum
1087 2614 1154 2678 erui
1168 2621 1309 2698 possunt.
1337 2616 1392 2680 Hx

235 2714 446 2798 praetoribus,
470 2733 550 2794 quos
564 2732 684 2797 paucos
699 2714 781 2779 inter
796 2734 897 2780 annos
915 2716 975 2777 589
995 2720 1027 2779 et
1043 2717 1104 2779 598
1120 2715 1353 2782 Wehrmannus
1366 2720 1392 2796 3)

236 2815 269 2880 in
289 2814 381 2888 fastis
404 2815 470 2881 suis
491 2814 660 2898 praetoriis
682 2811 786 2898 affert,
809 2835 848 2880 ne
870 2835 967 2880 uuum
990 2815 1120 2898 quidem
1144 2816 1249 2884 habeo
1272 2816 1391 2902 dicere,

236 2915 291 2998 qui
306 2916 483 2999 Hispaniae
504 2915 687 3001 praefuerit.
719 2915 791 3007 sed
807 2915 869 2982 duo
884 2918 1091 3000 proconsules
1105 2918 1291 3002 appellandi
1305 2926 1391 3003 sunt,

235 3037 369 3100 quorum
397 3017 552 3084 memoria
580 3018 837 3101 inscriptionibus
866 3018 899 3083 in
921 3017 1078 3102 Hispania
1104 3019 1238 3103 repertis
1264 3039 1390 3087 conser-

235 3124 313 3185 vata
335 3126 393 3202 est,
417 3138 506 3203 quos,
529 3138 723 3201 quamquam
745 3119 785 3183 dc
807 3124 951 3203 tempore
975 3138 1039 3184 non
1061 3126 1193 3203 constat,
1215 3121 1269 3188 hio
1290 3122 1390 3206 aptis·

235 3220 315 3287 sime
337 3222 478 3287 inserere
500 3222 591 3286 fastis
613 3219 734 3285 videar.

440 3354 477 3434 Q.
500 3356 619 3422 Fabius
642 3355 751 3421 Labeo
774 3351 907 3438 (praet.)
932 3375 1055 3439 procos.

389 3459 422 3540 d
446 3474 470 3539 1.
493 3473 528 3537 L.
551 3473 593 3556 11,
615 3493 646 3538 n.
670 3476 753 3537 4924
776 3469 1000 3558 (4515)--1
1023 3495 1053 3539 n.
1080 3477 1160 3538 1484
1188 3470 1302 3561 (1485)

516 3589 752 3669 drusius
775 3615 782 3630 ·
806 3590 834 3668 o
856 3615 862 3629 ·
885 3591 912 3654 s
936 3613 943 3628 ·
966 3591 1107 3658 Lasso

703 3691 788 3757 Pau
811 3715 818 3728 ·
840 3690 919 3759 uos

232 3881 436 3891 *—
763 3794 853 3860 xuss

321 3964 344 4026 l)
367 3959 424 4013 Liu.
442 3964 483 4026 44,
505 3964 544 4015 17.
619 3963 645 4026 1)
668 3966 710 4026 43,
731 3967 771 4015 11.
793 3961 828 4015 cf.
849 3966 888 4016 15.
966 3964 991 4025 3)
1015 3961 1090 4016 Fasti
1107 3961 1243 4018 Praetorii
1260 3964 1294 4018 ab
1313 3979 1339 4020 a.
1359 3983 1388 4021 u.

232 4047 281 4099 588
300 4044 336 4098 ad
353 4058 378 4098 a.
397 4061 423 4097 u.
442 4049 500 4098 710.
519 4045 671 4114 composuit
688 4044 720 4098 P.
738 4044 913 4103 Wehrmann.
932 4047 1022 4103 Berol.
1045 4051 1116 4102 1875.
