2996 4784
433 327 499 384 fasti
515 325 709 396 Hispaniarum
726 327 934 395 provinciarum.

106 500 219 567 Silano
249 497 368 566 tradito
378 499 402 582 1)
424 499 559 565 Romam
581 517 729 565 reversus
751 501 862 565 consul
887 500 921 566 in
943 501 1123 583 proximum
1145 521 1263 570 annum

105 604 212 669 factus
233 602 324 683 5552)
366 600 579 684 Triumphare
602 600 743 686 Scipioni
764 621 828 668 non
849 600 948 684 licuit,
975 603 1051 684 quia
1072 603 1141 670 sinc
1162 604 1263 690 magi·

108 708 284 771 stratores
306 699 491 783 gesseratil
536 701 681 769 Silanum
703 701 819 769 eodem
838 701 908 770 iure
930 704 1108 787 eodemque
1129 705 1263 792 imperio

108 826 182 874 cum
204 803 354 890 Scipione
375 804 474 872 fuisse
496 804 580 870 hunc
600 804 705 890 ipsum
726 804 837 871 Livius
852 805 1028 873 modestius
1043 826 1139 888 quam
1154 808 1262 875 verius

107 907 188 973 iacit
208 904 452 989 profitentem)
485 907 600 991 Legati
615 905 774 990 Scipionis
798 911 889 974 erant
909 909 1049 993 Laelius,
1072 927 1168 991 quem
1188 917 1263 994 post

108 1007 336 1091 Carthaginem
359 1012 486 1090 captam
508 1028 580 1075 cum
601 1007 737 1092 captivis
759 1007 895 1075 Romam
923 1009 1010 1077 misit
1019 1010 1061 1097 ⁶),
1090 1018 1123 1076 55
1147 1011 1263 1085 Lucius

106 1112 216 1194 trater,
239 1110 294 1191 qui
316 1109 366 1177 bis
388 1111 523 1176 Romam
545 1109 662 1175 missus
684 1128 756 1177 esse
779 1109 941 1195 diciturssl,
965 1117 999 1180 ct
1019 1113 1055 1180 L.
1078 1112 1216 1180 Marcius
1227 1112 1263 1198 ⁷),

107 1219 261 1298 quaestor
283 1207 557 1294 O.'Flaminius.⁸)
666 1243 670 1249 ·

108 1317 302 1380 540-553,
330 1314 367 1378 L.
391 1312 557 1379 Cornelius
580 1313 733 1381 Lentulus

108 1420 302 1483 540-554.
332 1415 367 1481 L.
390 1415 528 1481 Manlius
549 1414 704 1481 Acidinus

264 1518 333 1583 Liv.
363 1521 420 1598 28,
450 1501 500 1581 38.
552 1516 702 1583 Haecin
729 1516 887 1602 Hispania
914 1518 949 1582 P.
976 1517 1136 1602 Scipionis
1165 1512 1262 1587 ductu

263 1619 471 1703 auspicioque
491 1625 592 1703 gesta.
633 1617 703 1703 ipse
724 1619 760 1684 L.
778 1618 913 1685 lentulo
935 1625 968 1684 et
989 1619 1025 1685 L.
1047 1620 1167 1688 Manlio
1188 1622 1261 1688 Aci·

263 1719 339 1788 dino
367 1720 532 1805 provincia
561 1719 680 1786 tradita
708 1718 819 1786 decem
841 1720 979 1787 navibus
999 1721 1135 1789 Romam
1157 1723 1262 1792 rediit

262 1822 300 1889 cf.
323 1823 407 1907 App.
429 1823 476 1890 Ib.
500 1825 550 1888 38.

194 1927 232 1991 In
254 1923 365 1991 codice
387 1928 462 1990 ante
480 1923 648 2007 prouincia
669 1922 821 2006 scriptum
843 1928 892 1989 555
907 1943 979 2006 pro,
1004 1923 1091 2006 quod
1112 1932 1168 1992 aut
1190 1947 1261 1994 cum

108 2027 273 2112 Madviglc
294 2024 419 2093 delebis
441 2031 496 2092 aut
517 2025 551 2089 in
560 2023 812 2108 proconsulibus,
834 2044 897 2090 non
909 2026 1173 2107 propraetoribus
1195 2049 1260 2094 mn-

110 2128 243 2196 tandum
265 2146 336 2196 5555
358 2148 399 2195 ex
413 2127 464 2212 iis,
486 2145 569 2209 qnae
584 2124 625 2192 de
640 2125 869 2211 Hispaniarum
883 2124 1066 2210 praesidum
1080 2127 1215 2213 imperio
1229 2130 1262 2194 in

107 2230 307 2316 praefatione
330 2227 479 2309 diximus,
502 2245 685 2310 cognosces.
718 2228 810 2294 Alter
830 2228 1050 2296 tantummodo
1072 2230 1108 2294 L.
1123 2229 1262 2298 Manlius

106 2331 261 2399 Acidinus
276 2336 404 2417 praetor
418 2329 522 2397 fuerat
539 2350 568 2396 a.
586 2327 690 2413 543.⁹)
720 2329 856 2397 Lentulo
871 2330 913 2396 ob
929 2351 999 2398 eam
1015 2350 1153 2415 causam,
1175 2332 1262 2414 quod

105 2432 249 2502 nondum
263 2433 469 2517 magdstratus
483 2432 596 2514 furerat,
612 2431 790 2515 triumphus
805 2450 868 2496 non
883 2438 933 2499 ost
946 2452 1130 2500 concessus:
1145 2432 1261 2500 aedilis
1299 2421 1308 2432 ’

106 2538 193 2605 enim
222 2535 256 2601 in
283 2556 313 2602 a.
336 2539 399 2599 550
426 2538 552 2600 creatus
581 2532 687 2617 55511)
732 2533 867 2614 Utrique
894 2532 1062 2617 imperium
1091 2535 1261 2618 plebiscito

13 2648 19 2651 ’
106 2631 219 2706 datum
248 2656 319 2703 esse
347 2634 450 2702 conici
477 2634 653 2720 potestss),
683 2634 766 2701 sicut
792 2640 1007 2718 prorogatum.
1024 2642 1073 2703 555
1093 2636 1261 2720 imperium

26 2768 30 2774 ·
105 2760 139 2806 a.
162 2745 223 2805 550
253 2737 437 2823 plebiscito,
466 2736 647 2804 adamum
676 2741 736 2803 551
767 2743 809 2803 55
825 2739 886 2802 552
910 2741 1041 2805 sanatus
1062 2738 1262 2823 consulturo)

102 2843 200 2907 Anno
223 2839 362 2922 denique
385 2843 446 2904 553
469 2846 599 2905 senatus
620 2858 679 2924 per
700 2837 842 2904 tribunos
864 2838 954 2922 plebi
976 2839 1150 2921 permisit,'
1166 2845 1201 2905 ut
1221 2840 1261 2907 iis

104 2960 309 3011 successores
330 2937 527 3024 5155555513)
570 2938 779 3011 Plebisoitum
800 2940 922 3023 ipsum,
949 2959 1012 3022 quo
1035 2941 1069 3007 L.
1094 2940 1261 3008 Cornelius

105 3044 263 3112 Lentulus
284 3048 453 3111 revocatus
475 3047 534 3126 est,
557 3061 620 3107 non
642 3045 691 3107 555
712 3038 874 3123 traditum,
897 3039 955 3108 sed
977 3039 1118 3109 rediisse.
1133 3061 1206 3109 cum
1228 3048 1261 3110 et

103 3149 226 3215 frustra
254 3143 450 3229 triumphum
477 3143 610 3229 petiisse
617 3192 626 3227 ,
655 3149 806 3210 ovantem
827 3149 933 3209 autem
956 3149 1084 3210 senatus
1107 3145 1261 3228 consulto,

104 3258 144 3318 ut
164 3246 308 3330 traditur,
330 3266 366 3313 re
388 3266 467 3313 vara
487 3244 658 3330 plebiscito
672 3243 722 3328 ¹4),
748 3244 859 3311 urbam
881 3245 1058 3328 ingressum
1081 3265 1152 3313 5555
1174 3246 1262 3332 apud

789 1385 930 1450 procoss.
954 1385 996 1431 ex
1017 1365 1207 1454 plebiscito..

195 3488 221 3550 1)
237 3482 297 3536 Lis.
314 3485 355 3545 28,
375 3485 416 3536 38.
449 3479 507 3534 Pol.
529 3485 568 3546 11,
587 3483 629 3545 33,
647 3484 672 3534 8.
742 3482 769 3543 2)
788 3479 828 3534 cf.
846 3479 953 3534 Becker
970 3480 987 3535 l.
1003 3480 1059 3549 lp.
1072 3484 1127 3534 143.
1146 3479 1260 3536 Momm·

106 3583 190 3624 senus
212 3567 242 3622 in
266 3566 318 3621 hac
341 3568 419 3621 tanta
440 3576 531 3620 rerum
552 3564 632 3633 copia
648 3580 704 3619 non
721 3563 835 3620 offendit
851 3562 894 3630 (R.
914 3563 984 3631 (2.1,
1003 3568 1071 3630 034).
1157 3564 1259 3631 311415.

107 3657 150 3720 28,
168 3657 210 3708 38.
235 3651 340 3708 cLVaI.
358 3650 432 3704 Max.
451 3655 476 3716 2,
494 3655 518 3714 8,
539 3655 561 3703 1.
579 3655 603 3704 5.
677 3654 704 3716 4)
722 3652 765 3714 28,
784 3653 816 3703 38
834 3654 903 3703 extr.
928 3648 963 3703 cf.
982 3652 1023 3717 26,
1044 3653 1082 3703 19.
1157 3649 1267 3714 5)Ρ51.’

112 3743 154 3804 10,
174 3741 221 3803 19,
240 3741 264 3791 8.
291 3735 420 3802 141526,
439 3739 480 3788 42.
498 3739 541 3791 48.
565 3738 607 3801 21,
625 3738 650 3788 ἵ.
684 3734 757 3803 App.
776 3732 815 3788 lb.
834 3736 875 3787 23.
952 3736 978 3799 6)
995 3733 1054 3789 Lir.
1073 3737 1114 3798 28,
1133 3739 1156 3789 3.
1175 3739 1199 3789 4.
1221 3740 1259 3789 11.

105 3820 289 3891 applano.
359 3823 385 3885 5)
401 3819 460 3873 Liv.
479 3823 521 3886 55,
541 3823 581 3873 ro.
599 3822 641 3886 55,
663 3823 702 3874 15.
771 3821 796 3884 5)
815 3820 856 3884 55,
874 3822 915 3871 45.
933 3822 976 3872 45.
995 3816 1030 3872 of.
1048 3817 1105 3872 1³01.
1126 3823 1165 3884 ro,
1186 3822 1226 3885 15,
1246 3824 1257 3872 t

106 3910 245 3974 (ruptus).
320 3903 656 3972 clairmannum.
737 3907 778 3969 ro)
797 3907 839 3969 55,
858 3906 898 3956 11.
934 3915 936 3921 ·
979 3906 1021 3969 u)
1042 3900 1083 3956 of.
1100 3900 1260 3969 Mommsen,

107 3989 223 4045 Staatsr.
241 3989 277 4053 ll,
298 3988 332 4055 1²,
350 4005 376 4058 p.
389 3993 447 4054 633,
466 4004 491 4042 n.
502 3992 525 4044 3.
598 3993 640 4056 12)
657 3993 699 4054 29,
722 3993 760 4043 13.
779 3992 821 4055 30,
839 3992 863 4041 2.
882 3991 924 4053 30,
943 3991 984 4055 27,
1003 3991 1028 4041 9.
1100 3990 1200 4054 13130,
1218 3991 1260 4042 41.

112 4080 151 4137 14)
169 4075 208 4128 cf.
226 4073 320 4142 Lange
337 4072 369 4126 R.
387 4074 421 4128 A.
438 4073 491 4140 11²,
510 4077 568 4128 630.
