2996 4784
443 284 508 339 fasti
526 284 716 354 Hispaniarum
733 288 940 356 provinciarum.
1232 289 1271 351 87

270 455 394 522 uiarum
416 457 453 534 Q.
477 456 591 522 Fulvio
613 457 729 543 Flacco
757 458 898 541 citerior,
913 462 963 526 ·P.
986 463 1105 527 Manlio
1127 464 1270 532 ulterior.

271 593 311 602 -
333 557 377 623 ib.
404 561 450 621 18.
482 557 514 622 in
537 559 701 642 Hispaniis
730 566 934 642 prorogatum
960 564 1122 628 veteribus
1144 572 1269 649 praeto·

269 659 357 724 ribus
375 658 542 744 imperium
566 665 615 726 est
637 681 708 726 oum
731 662 924 727 exercitibus
947 683 1026 744 quos
1048 664 1213 750 haberent,
1237 673 1270 734 et
1323 707 1325 712 ,

268 761 302 825 in
332 761 586 846 supplementum
610 762 740 828 decreta
762 763 823 828 tria
845 762 947 828 millia
973 764 1088 831 civium
1112 768 1269 834 Romano-

268 882 354 944 rum,
391 862 519 927 ducenti
548 864 670 943 equites
702 869 734 928 et
760 863 880 930 socium
908 865 1016 931 Latini
1043 867 1181 933 nominis
1209 888 1269 935 sex

269 963 372 1029 millia
385 963 540 1048 peditum,
564 965 697 1030 trecenti
714 965 845 1047 equites,
874 965 912 1032 cf.
930 968 1011 1052 App.
1027 968 1075 1034 lb.
1091 973 1140 1034 42.
1170 967 1266 1035 Diod.

268 1069 318 1150 20,
342 1068 393 1129 28.
437 1063 526 1131 Oros.
550 1070 579 1148 4,
603 1070 653 1131 20.

199 1167 296 1234 Falso
320 1165 486 1250 Appianus
508 1167 656 1233 Flaccum
680 1164 809 1231 ἵπατον
831 1169 988 1253 appellat,
1019 1170 1158 1236 scribere
1180 1176 1265 1238 certe

112 1267 226 1335 debuit
248 1264 445 1332 ἀνθύπατον
460 1265 501 1351 1),
522 1266 607 1333 idem
630 1269 662 1334 in
684 1275 863 1353 temporum
877 1289 1045 1352 rerumque
1061 1271 1172 1338 ordine
1186 1271 1265 1339 satis

112 1371 341 1452 neglegentem
365 1389 400 1435 se
428 1369 600 1452 praebet.²)
643 1371 752 1435 Flacci
780 1371 879 1451 legati
903 1372 1106 1438 nominantur
1127 1373 1167 1438 M.
1190 1370 1266 1438 Ful-

112 1473 184 1538 vius
212 1474 311 1538 frater
339 1476 372 1536 et
401 1472 437 1552 L.
460 1469 669 1552 Minucium),
700 1472 818 1537 tribuni
845 1473 981 1538 militum
1007 1473 1043 1539 Τ.
1066 1474 1210 1540 Maenius
1234 1484 1266 1542 et

113 1576 147 1639 L.
171 1573 339 1640 Terentius
349 1571 384 1655 4),
408 1571 562 1656 praesenti
584 1573 705 1638 socium
727 1573 763 1639 L.
785 1573 907 1638 Acilius
930 1580 962 1638 et
984 1572 1017 1637 0.
1037 1572 1264 1659 Scriboniusi)

112 1675 247 1740 Flaccus
269 1680 301 1740 et
323 1692 487 1740 successor
509 1673 586 1756 eius,
609 1678 644 1737 ut
665 1672 733 1739 fieri
756 1675 890 1756 solebat,
914 1674 953 1740 do
976 1674 1129 1740 militibus
1150 1674 1263 1760 depor-

113 1776 217 1842 tandis
245 1776 328 1842 inter
350 1795 385 1841 se
407 1775 573 1841 certabant
584 1773 626 1859 θ),
657 1774 866 1858 triumphavit
892 1784 1000 1842 autem
1022 1775 1078 1841 ille
1101 1782 1132 1841 et
1155 1778 1264 1843 consul

114 1883 237 1943 creatus
260 1881 308 1942 est
331 1896 359 1942 a.
384 1875 487 1959 5147)
530 1877 565 1940 P.
589 1876 726 1941 Manlius
755 1877 871 1942 iterum
893 1886 1021 1960 praetor
1043 1915 1084 1924 —
1106 1898 1181 1943 nam
1202 1879 1264 1962 pri·

114 2000 200 2044 mum
222 2000 249 2044 a.
274 1982 334 2042 550
358 1997 429 2042 oum
452 1977 573 2042 (latone
596 1977 627 2041 in
650 1978 806 2061 Hispania
837 1979 981 2045 citeriore
1003 1978 1106 2043 fuerat
1128 2015 1169 2023 -ν
1192 1998 1264 2045 oum

115 2080 271 2146 Lusitanis
292 2077 428 2145 feliciter
448 2079 644 2163 pugnavits)
688 2079 740 2143 Ad
763 2099 834 2145 eum
856 2080 898 2145 M.
921 2079 1036 2144 Fulvio
1058 2078 1183 2143 tribuno
1206 2079 1264 2144 mi·

112 2183 204 2249 litum
233 2183 265 2247 in
287 2180 477 2263 Hispaniam
506 2180 649 2263 relegato
661 2179 686 2260 9)
717 2200 738 2244 a
766 2186 877 2247 senatu
907 2180 1033 2246 litterae
1062 2178 1159 2265 datae
1181 2186 1263 2263 sunt,

112 2284 199 2368 quod
228 2291 312 2350 certe
334 2283 448 2347 mirum
470 2285 536 2364 est,
566 2302 637 2346 cum
658 2281 714 2347 illc
738 2288 880 2368 tempore
907 2300 1123 2348 successorem
1144 2281 1209 2346 iam
1231 2281 1264 2346 in

111 2385 306 2473 provinciam
328 2384 513 2468 pervenisse
536 2372 747 2468 apparacum)
776 2386 839 2450 Vix
857 2382 957 2450 redux
972 2383 1076 2449 factus
1092 2384 1160 2449 erat
1175 2384 1262 2449 Man·

111 2490 181 2571 lius,
205 2509 277 2555 cum
299 2485 484 2571 pestilentia
506 2485 666 2550 confectus
689 2483 793 2568 44114)

111 2593 289 2654 cal-575.
312 2588 361 2653 Ti.
379 2585 583 2670 Sempronius
606 2584 769 2651 Gracchus

310 2689 346 2753 L.
369 2687 551 2754 Postumius
576 2685 712 2751 Albinus

225 2790 233 2803 ⁸
263 2791 332 2856 Liv.
348 2794 399 2874 40,
416 2795 466 2855 35.
490 2789 663 2874 Hispanias
686 2787 788 2854 sortiti
809 2790 844 2853 L.
866 2787 1046 2853 Postumius
1068 2783 1262 2870 ulteriorem,

264 2893 313 2958 Ti.
330 2891 536 2975 Sempronius
560 2889 722 2955 Gracchus
744 2888 931 2954 citeriorem.
951 2923 993 2932 -
1014 2886 1057 2951 ib.
1074 2891 1124 2950 44.
1147 2887 1184 2949 In
1206 2887 1263 2952 Hi·

263 2994 383 3079 spaniis
406 2992 531 3058 duabus
546 2992 594 3058 Ti.
612 2991 799 3074 Sempronio
823 2994 855 3054 et
877 2990 913 3054 L.
928 2986 1091 3053 Postumio
1114 3007 1186 3053 cum
1209 2986 1262 3052 iis-

264 3095 338 3161 dem
361 3094 564 3177 exercitibus,
587 3111 668 3174 quos
689 3092 854 3173 haberent,
876 3096 1080 3174 prorogatum
1094 3086 1261 3173 imperium

264 3203 321 3263 est.
358 3196 396 3262 of.
420 3197 503 3280 App.
526 3195 572 3259 lb.
592 3198 642 3258 43.
679 3190 775 3259 Diod.
791 3195 842 3275 20,
859 3195 909 3255 26.
945 3190 1028 3256 Plut.
1053 3190 1103 3254 Ti.
1127 3188 1263 3257 Gracch.

267 3304 292 3363 1.
310 3303 338 3363 5.
368 3297 453 3363 Flor.
470 3300 499 3380 2,
518 3300 567 3379 17,
583 3298 612 3359 9.
643 3293 707 3360 Cic.
723 3293 809 3359 Brut.
826 3297 877 3370 27,
895 3297 963 3356 104.
991 3290 1081 3357 Oros.
1099 3296 1128 3373 4,
1144 3295 1194 3354 20.

193 3404 232 3468 Α.
257 3402 318 3464 576
348 3404 480 3481 uterque
509 3395 678 3481 proconsul
691 3393 731 3478 12)
760 3395 792 3459 in
818 3395 938 3478 templo
961 3392 1114 3457 Bellonae
1136 3389 1262 3457 senatui

197 3609 221 3668 1)
240 3600 400 3665 0114440,
411 3603 443 3654 30
460 3597 616 3667 proconsul.
680 3599 705 3659 2)
724 3593 764 3648 cf.
774 3593 868 3657 Peter,
888 3590 999 3645 Studien
1016 3606 1066 3644 zur
1084 3595 1149 3645 rbm.
1163 3590 1261 3645 Gesoh.

108 3709 136 3760 p.
147 3696 188 3745 27.
198 3719 232 3728 -
242 3686 335 3741 Keller
352 3683 370 3736 l.
380 3684 398 3738 l.
409 3686 445 3751 (p.
457 3687 489 3738 10
508 3681 567 3736 adn.
579 3687 604 3746 4)
616 3697 643 3749 p.
654 3683 686 3733 40
696 3695 754 3748 sqq.
807 3681 833 3742 3)
851 3677 909 3731 Liv.
919 3681 961 3742 40,
975 3679 1016 3728 30.
1027 3678 1068 3728 35.
1122 3680 1149 3741 4)
1166 3680 1209 3742 40,
1220 3679 1261 3729 35.

110 3777 252 3841 t)40,31.
314 3773 339 3836 a)
357 3772 399 3833 40,
413 3772 444 3822 as
459 3771 549 3836 sqae
563 3781 601 3835 sq.
663 3769 689 3830 t)
707 3768 749 3830 4ο,
762 3767 802 3816 43.
866 3763 1003 3827 struas
1074 3760 1261 3828 croftange

109 3860 142 3914 R.
152 3861 185 3912 A.
195 3858 230 3922 Il,
242 3873 269 3924 p.
280 3858 338 3908 261.
393 3855 434 3918 10)
452 3851 510 3906 Liv.
524 3844 565 3915 40,
579 3855 621 3917 41,
640 3849 728 3917 capite
745 3846 818 3901 euim·
832 3844 1007 3914 praecedenti
1025 3843 1058 3897 de
1069 3843 1162 3899 Flacci
1173 3844 1261 3899 reditu

110 3942 276 3999 serbaiacta
287 3941 388 3994 suntet
400 3936 523 4005 proximo
536 3934 655 3990 Manlius
666 3933 725 4002 ipse
736 3926 838 4000 ‘nuper'
847 3930 960 3984 rediisse
973 3929 1080 3986 dicitur.
1118 3933 1159 3994 11)
1169 3933 1211 3995 40,
1220 3933 1262 3982 42.

114 4031 153 4093 12)
170 4026 228 4081 Lir.
246 4040 287 4094 ep.
306 4028 348 4077 41.

815 2641 929 2720 praeit.
955 2634 1083 2718 (propr.
1102 2634 1262 2717 procoss.)
