2996 4784
246 303 306 364 136
680 304 817 360 Detlesins
836 302 970 359 Wilsdorf

243 480 315 544 714.
337 477 373 544 L.
396 478 553 544 Antonius
575 496 697 560 procos.

259 613 269 622 ’
337 579 413 646 Sex.
434 578 621 644 Peducaeus

337 678 512 757 Λεύκιοςλ
595 738 601 751 ,

373 816 375 821 v
394 782 476 867 App.
492 782 523 847 b.
540 802 565 848 c.
579 787 613 866 ’5,
630 786 680 848 54.
704 774 722 845 δ
747 779 782 846 δὲ
799 786 933 866 Καῖσαρ
957 777 1058 845 αύτδν
1081 778 1137 862 (so.
1154 781 1189 845 b.
1205 780 1402 862 Antonium)

393 884 451 947 καί
479 887 564 960 τέως
595 881 631 948 ἐν
644 881 810 965 ’θαύματι
840 877 929 967 δίγων
952 879 1012 948 οὐκ
1037 879 1103 968 ἔφη
1126 882 1188 964 μὲν
1212 878 1290 947 ούδέ
1313 887 1404 965 βου-

393 982 535 1066 λόμενον
558 982 754 1065 ἐπάξεσθαι
777 981 851 1048 κατ’
876 981 1037 1070 ἀδελφοῦ,
1060 981 1258 1050 πιστεύσειν
1286 981 1324 1049 δὲ
1348 978 1402 1061 aig

392 1085 515 1172 τοιῷδε
539 1083 638 1169 ἀνδρὶ
661 1091 775 1152 πᾶσαν
795 1082 939 1171 Ἰβηρίαν
962 1087 1019 1151 καί
1041 1083 1099 1149 τὸν
1123 1083 1158 1151 έν
1182 1082 1268 1172 αὐτῇ
1292 1107 1402 1171 στρα-

392 1186 450 1253 τὸν
466 1183 810 1274 ὑποστρατηγούντων
826 1184 917 1271 αὕτη]
931 1193 998 1251 τῶν
1009 1193 1065 1252 νῦν
1078 1182 1272 1273 ἡγουμένων
1288 1183 1401 1274 αὐτῆς

392 1289 607 1356 Πεδουκαίου
630 1290 746 1355 τεκαὶ
769 1293 933 1354 Λευκίου.

323 1392 416 1458 Bello
438 1393 591 1459 Perusino
613 1393 702 1460 finito
725 1413 796 1458 oum
819 1390 1014 1458 Oetavianus
1037 1390 1177 1457 Galliam
1206 1391 1417 1463 Narbonem,

239 1513 306 1560 sern
328 1495 460 1581 Antonii
487 1496 686 1579 provinciam
707 1495 741 1559 in
762 1514 852 1560 suam
874 1499 1068 1578 potestatem
1095 1493 1273 1577 redegisset
1286 1492 1326 1577 ¹),
1356 1494 1398 1561 L.

155 1586 158 1590 ’
239 1597 395 1678 Antonio,
418 1598 473 1678 qui
494 1597 602 1662 Marco
625 1597 731 1679 fratri,
761 1596 789 1660 si
810 1617 943 1681 regnum
965 1595 1145 1679 affectaret,
1172 1595 1335 1661 inimioum
1358 1615 1399 1662 se

238 1699 305 1765 fore
340 1699 542 1782 declarabat,
571 1694 738 1779 utramque
773 1697 961 1783 Hispaniam
990 1697 1144 1781 permisit.
1196 1697 1293 1763 Cuius
1321 1718 1398 1763 oum

237 1804 351 1882 postea
373 1801 492 1866 mentio
514 1819 670 1881 nusquam
691 1799 756 1884 fiat,
779 1801 877 1884 paulo
899 1798 1039 1882 postibi
1061 1806 1219 1865 mortuum
1236 1800 1396 1873 esseveri

237 1900 342 1966 simile
365 1905 421 1967 est.
462 1901 548 1979 Quos
563 1902 730 1986 Appianus
745 1896 1084 1987 ὑποστρατηγοῦντος
1106 1901 1258 1986 appellat,
1281 1920 1397 1968 eorum

238 2003 320 2068 alter
349 2003 477 2069 videtur
503 2003 560 2070 ille
589 2023 660 2071 esse
683 2002 758 2070 Sex.
781 2003 984 2085 Peducaeus,
1015 2021 1110 2085 quem
1133 2002 1253 2068 Caesar
1274 2023 1303 2070 a.
1328 2007 1395 2070 706

679 628 844 711 procoss?

239 2103 407 2170 Sardiniae
430 2108 626 2189 praefecerat
637 2105 671 2190 ²),
698 2107 780 2172 alter
800 2104 917 2171 Luoius
940 2106 1010 2186 quis
1032 2104 1082 2186 sit,
1106 2104 1255 2186 equidem
1279 2125 1395 2173 eruere

236 2225 299 2270 non
321 2206 419 2289 potui.

237 2309 416 2396 715-717.
440 2306 496 2375 Gn.
520 2308 680 2374 Domitius
703 2307 854 2374 Calvinus
881 2327 1003 2391 pronos.

391 2410 453 2475 Dio
469 2413 520 2493 48,
537 2413 586 2474 42.
608 2409 751 2493 Ἐγένετο
776 2409 811 2476 δὲ
836 2412 893 2476 καὶ
916 2408 951 2474 ἐν
967 2405 1091 2495 Ἰβηρίᾳ
1106 2414 1307 2494 Κερητανιύν
1331 2409 1391 2494 (so.

390 2508 536 2597 κίνησις)
560 2512 616 2576 καὶ
632 2509 752 2590 αὐτούς
769 2507 786 2577 ὃ
803 2514 990 2587 Καλουῖνος
1008 2516 1263 2595 κατεστρέψατο
1280 2548 1322 2557 -
1337 2549 1392 2596 -‚

388 2603 495 2694 τυχών
518 2637 554 2678 τε
576 2620 643 2678 τῶν
666 2612 842 2680 ἐπινικίων
865 2618 977 2678 καίτοι
998 2618 1060 2699 τῆς
1077 2605 1221 2698 Ἰβηρίας
1243 2618 1291 2697 τῷ
1306 2618 1392 2678 Καί-

390 2726 469 2798 σαρι
491 2722 788 2802 προστεταγμένης
810 2713 911 2799 (πρὸς
933 2714 996 2799 γὰρ
1020 2713 1080 2790 τὰς
1095 2720 1161 2777 τῶν
1178 2714 1391 2798 κρατούντων

387 2814 568 2902 βουλήσεις
592 2818 648 2881 καὶ
671 2816 706 2880 αἱ
729 2817 825 2897 τιμαί
853 2828 926 2893 τοῖς
949 2810 1244 2902 ύποστρατηγοῦσί
1267 2839 1390 2902 σφισιν

288 2938 297 2949 ’
388 2916 572 3002 ἐγίγνοντο)
594 2916 684 2983 τότε
699 2923 837 3003 χρυσίον
852 2916 891 2982 τὸ
908 2915 1002 3003 παρὰ
1016 2925 1083 2982 τιῦν
1099 2915 1232 2984 πόλεων
1248 2916 1284 2996 ἐς
1303 2915 1391 2985 αὐτοὶ

388 3019 516 3097 εἰωθὸς
540 3019 704 3085 δίδοσθαι
727 3019 764 3086 ἐκ
788 3019 900 3101 μόνων
921 3028 988 3085 των
1008 3015 1178 3106 Ἰβηρικῶν
1206 3018 1305 3104 ἔλαβε
1329 3023 1390 3088 καὶ

388 3117 453 3185 ἀπ)
478 3118 580 3185 αὐτοῦ
602 3120 640 3184 τὸ
661 3122 725 3202 ’μέν
747 3146 780 3186 τι
804 3120 840 3197 ἐς
862 3118 922 3206 τὴν
944 3120 1065 3208 ἑορτὴν
1089 3118 1258 3202 ἀνάλωσε,
1284 3121 1324 3187 τὸ
1348 3123 1387 3191 δὲ

390 3220 429 3308 δὴ
454 3223 572 3286 πλεῖον
596 3220 632 3298 ές
654 3220 692 3285 τὸ
715 3223 898 3304 βασίλειον.

320 3323 478 3391 Domitius
501 3323 654 3390 Calvinus
681 3323 818 3409 primurn
847 3326 957 3390 oonsnl
985 3324 1089 3389 fuerat
1112 3344 1142 3389 a.
1164 3313 1242 3408 701,
1271 3327 1388 3393 iterum
1493 3388 1494 3401 ,

236 3432 312 3508 714,
335 3425 457 3509 proelio
485 3425 652 3492 Pharsalia
682 3426 823 3492 interfuit
852 3445 873 3490 a
901 3425 1048 3492 Caesaris
1083 3427 1227 3511 partibus
1238 3428 1264 3510 3)
1292 3436 1325 3497 et
1351 3431 1387 3495 in

233 3527 374 3592 Africam
391 3525 528 3593 eundem
543 3532 670 3594 seoutus
686 3527 775 3609 esta)
804 3527 905 3607 Quem
921 3528 1081 3608 usquead
1103 3547 1219 3594 annum
1243 3531 1305 3594 717
1329 3530 1386 3594 Hi-

235 3629 355 3712 spaniis
376 3629 555 3711 praefuisse
577 3629 736 3715 triumpho
759 3630 828 3696 eius
849 3629 1017 3715 probabile
1038 3627 1084 3712 fit,
1108 3630 1163 3711 qui
1184 3630 1217 3694 in
1231 3630 1324 3699 fastis
1339 3633 1386 3698 ita

231 3728 382 3797 traditur:

319 3970 343 4031 1)
360 3966 430 4034 App.
449 3965 475 4018 b.
495 3980 517 4019 α.
535 3970 559 4031 5,
578 3970 619 4018 51.
646 3964 681 4020 cf.
700 3965 792 4034 Lange
810 3965 843 4019 R.
861 3965 894 4017 A.
914 3964 963 4030 111,
981 3969 1030 4018 569
1048 3980 1074 4018 n.
1093 3970 1117 4017 5.
1189 3970 1215 4031 25
1232 3967 1273 4021 Ib.
1291 3984 1319 4038 p.
1333 3972 1381 4022 422

230 4067 257 4106 n.
275 4056 299 4105 9.
369 4054 393 4116 3)
412 4049 489 4105 Caes.
506 4050 533 4105 b.
552 4065 574 4104 o.
594 4054 618 4116 3,
638 4053 677 4104 89.
751 4054 777 4115 4)
794 4050 856 4104 bell.
875 4049 933 4103 Afr.
952 4054 993 4104 86.
