2996 4784
253 311 368 374 110·
539 275 541 278 ’
636 272 973 372 ’5515555555

250 491 369 568 πέντε,
407 486 675 570 quomadmodum
701 488 802 571 solet,
837 486 957 553 dictum
982 487 1169 572 suspicaris,
1204 505 1277 555 curn
1304 504 1408 571 quern

250 588 436 675 scripsimus
457 608 575 657 anuum
597 594 751 655 tenemus.
788 588 863 655 Fuit
881 594 991 654 autern
1012 589 1190 655 Hilarius
1210 590 1287 657 siue-
1302 589 1406 659 dubio

251 692 419 758 clarissimi
439 691 526 757 illius
548 690 641 756 Marii
663 690 769 772 frater,
793 707 887 772 quem
909 709 1012 772 aeque
1029 697 1130 773 atque
1146 692 1205 758 On.
1222 691 1407 760 Carbonem

251 791 363 858 (licere
375 792 399 875 1)
415 793 594 868 innumero
610 792 860 859 contionatorum
875 791 1039 858 Marianae
1054 793 1169 869 5515115
1185 793 1294 877 habet,
1308 802 1406 879 pater

249 893 292 961 Μ.
316 893 408 959 ilarii
430 892 610 959 Gratidiani
620 894 657 975 2),
680 913 775 976 quem
797 893 832 959 L.
848 890 943 959 Sulla
961 893 1170 960 occidendum
1193 894 1363 980 paraviti)

252 1001 322 1063 653.
346 997 386 1060 Ι).
409 994 519 1089 lunius
538 993 668 1060 Silanus
689 998 790 1079 praet.
812 994 868 1060 ult.
891 993 931 1060 H.

403 1092 479 1164 Sex.
502 1095 574 1161 lius.
604 1101 632 1159 4.
661 1095 868 1161 Rebcllantcs
882 1095 1068 1165 ,Lusitanos
1097 1096 1130 1162 in
1159 1096 1318 1181 Hispania
1346 1119 1406 1183 per

403 1197 571 1262 Decimum
593 1197 726 1262 Brutum
748 1197 968 1263 continuimus.
1006 1199 1083 1265 Post
1104 1197 1146 1263 ad
1168 1195 1333 1290 Hispanos
1356 1207 1404 1267 tu-

403 1298 597 1391 multuantes
619 1297 658 1364 D.
674 1298 782 1364 Iunius
798 1295 926 1365 Silanus
947 1316 1020 1364 curn
1041 1299 1183 1366 exercitu
1205 1300 1324 1368 missus
1348 1321 1404 1368 eos

403 1401 489 1468 vicit.
526 1400 565 1465 ei.
579 1398 722 1480 Obsequ.
738 1404 788 1463 44.
815 1473 818 1481 Ι

324 1501 458 1570 Ocllatis
468 1518 667 1568 nummorum
677 1498 936 1585 inscriptionibus
946 1502 1300 1589 Borghesiusllannum
1312 1503 1404 1570 illum

248 1604 427 1686 constituit,
457 1619 520 1684 quc
542 1602 704 1670 Lusitanis
724 1600 862 1667 devictis
884 1601 1072 1686 Hispaniam
1099 1605 1283 1673 ulteriorem
1305 1624 1402 1690 paea·

248 1713 315 1774 tam
338 1725 409 1773 esse
432 1703 622 1785 Obsequsns
645 1701 739 1769 docet
760 1723 873 1786 parum
895 1724 1017 1770 memor
1031 1723 1151 1789 eorum,
1174 1726 1256 1792 quac
1270 1705 1315 1774 de
1330 1708 1402 1792 prc-

247 1811 335 1876 ximo
357 1826 440 1872 auno
463 1807 616 1870 constant.

249 1915 320 1977 651.
343 1910 378 1973 L.
403 1905 569 1972 Cornelius
591 1904 764 1972 Dolabella
783 1901 950 1988 (praetor)
973 1922 1095 1990 procos
1118 1908 1174 1974 ult.
1198 1900 1238 1973 H.

377 2007 568 2091 rO.I.LsI,
590 2027 621 2091 p.
639 2010 709 2072 466.
733 2008 759 2083 L
783 2030 790 2044 ·
811 2005 1050 2075 CORNELIVS
1073 2032 1080 2048 ·
1101 2011 1128 2074 P
1151 2032 1158 2047 ·
1180 2010 1207 2074 F
1230 2033 1236 2048 ·
1259 2011 1286 2075 L
1310 2035 1317 2050 ·
1341 2011 1374 2077 N
1394 2034 1414 2051 ·’

325 2138 327 2142 >
398 2107 656 2174 DOLABELLA
679 2130 686 2146 ·
709 2106 872 2174 PROCOS
896 2131 903 2146 ·
924 2110 977 2173 A·
999 2109 1112 2175 DOLV
1128 2115 1140 2185 11
1161 2110 1220 2175 llll
1236 2134 1243 2149 ·
1258 2110 1402 2178 HISPA-

402 2210 477 2275 NIA
498 2207 739 2274 rVLTHRIOR
761 2233 768 2247 ·
790 2209 849 2274 DE
872 2233 879 2249 ·
900 2208 1089 2278 LVSITAN
1112 2213 1187 2277 ·V·
1209 2211 1240 2276 K
1262 2238 1270 2253 ·
1292 2213 1400 2279 FEB*

332 2309 527 2395 Triumphus
563 2310 631 2375 eius
660 2309 835 2376 secundum
862 2314 1005 2377 nostram
1036 2316 1214 2396 temporum
1242 2315 1400 2383 rationem

247 2434 332 2481 anno
360 2412 423 2477 656
450 2400 680 2478 adscribendus
708 2410 847 2477 ostendit
869 2412 1087 2496 Dolabellam,
1117 2413 1180 2479 nisi
1201 2413 1401 2498 provinciam

247 2521 339 2583 extra
360 2520 478 2582 sortem
500 2513 636 2597 adeptus
657 2518 716 2594 est,
739 2533 802 2579 non
824 2534 852 2579 a.
876 2517 949 2598 655,
974 2513 1032 2580 sed
1057 2520 1179 2583 65155
1201 2516 1400 2600 pervenisse.

247 2614 439 2698 Octcroquin
460 2615 503 2681 de
525 2614 698 2680 Dolabella
718 2614 798 2679 nihil
822 2621 931 2682 notum
953 2615 1042 2698 esti)

247 2723 319 2784 655.
342 2717 377 2784 O.
401 2716 529 2782 Caelius
551 2714 670 2782 Caldus
692 2722 792 2798 praet.
816 2715 868 2781 cit.
891 2715 931 2780 H.

331 2819 425 2883 Hunc
446 2815 621 2900 Hispaniae
643 2814 781 2883 citeriori
802 2817 979 2901 praefuisse
1003 2818 1235 2886 demonstravit
1256 2819 1406 2902 Borglre·

246 2920 348 3006 51556)
369 2939 413 2985 ex
435 2917 572 2982 nummis
593 2917 743 2999 inventis,
772 2935 878 3000 neque
902 2924 1009 2987 tamen
1032 2921 1195 2987 consulem
1217 2938 1302 2987 anno
1326 2924 1397 3003 661,

247 3022 397 3106 quoniam
418 3019 460 3084 de
482 3018 647 3100 utriusqus
668 3018 852 3103 provinciae
873 3020 1064 3106 imperatore
1078 3022 1134 3088 illo
1157 3042 1239 3091 5555
1263 3028 1398 3103 constet,

245 3124 304 3191 scd
331 3126 511 3207 praetorem
538 3121 650 3205 paucis
679 3120 770 3185 annis
799 3125 882 3186 aute.
932 3123 1120 3187 Praeturam
1154 3129 1263 3188 autem
1291 3123 1397 3204 dardi,

246 3243 342 3310 quem
365 3222 476 3288 Cicero
487 3220 511 3302 7)
533 3221 701 3300 aequalem
723 3219 810 3304 dicit,
832 3240 904 3287 cum
925 3221 1159 3290 Wchrmaunus
1181 3229 1255 3291 ante
1277 3240 1398 3291 annum

316 3462 340 3524 1)
357 3456 434 3509 Brut.
454 3456 495 3517 62,
514 3452 571 3505 223.
641 3455 666 3517 2)
689 3452 707 3507 l.
725 3452 743 3506 l.
764 3457 820 3507 168.
889 3459 914 3521 3)
937 3454 1017 3510 Hune
1034 3455 1103 3511 falso
1121 3452 1220 3512 Florus
1239 3460 1273 3523 (3,
1292 3461 1335 3522 21,
1354 3458 1396 3520 26)

244 3543 357 3598 fratrem
376 3535 495 3592 &Marii
512 3535 639 3604 appellat.
709 3541 734 3600 11
751 3537 785 3605 V,
806 3538 975 3607 170.>Neque
991 3539 1062 3593 enirn
1079 3541 1205 3610 Zumptio
1222 3541 1252 3605 (1.
1269 3539 1287 3593 l.
1305 3557 1333 3610 p.
1352 3543 1394 3604 62)

244 3624 370 3682 assentiri
393 3636 519 3691 possum,
543 3621 589 3687 qui
611 3635 643 3675 co
666 3620 845 3692 quodsuprc
869 3622 984 3678 diximus
1008 3624 1097 3680 studio
1115 3625 1237 3680 Silanum
1254 3625 1395 3682 consulem

244 3711 309 3767 anni
332 3711 381 3763 692
404 3704 488 3759 151555
511 3704 563 3760 sibi
579 3707 722 3773 persuasit.
758 3706 895 3763 Ciceronis
912 3709 990 3764 locus
1009 3723 1087 3776 quem
1104 3709 1183 3764 affert
1199 3709 1267 3764 nihil
1284 3710 1394 3765 demon-

243 3797 322 3857 strat,
341 3787 500 3844 Lusitaniae
517 3792 606 3843 status
623 3790 704 3845 etiam
722 3791 891 3851 contradicit.
968 3798 995 3856 51
1012 3790 1155 3849 Consulem
1173 3793 1315 3850 suffectum
1334 3808 1394 3848 eum

243 3879 330 3933 luisse
347 3871 501 3941 suspicatur
517 3873 686 3943 Marquardt,
704 3875 873 3931 Staatsveru.
891 3876 913 3943 Ι,
931 3893 957 3946 p.
978 3880 1036 3943 319,
1053 3893 1080 3932 n.
1093 3881 1117 3930 2.
1189 3882 1215 3944 6)
1232 3876 1254 3944 1,
1272 3879 1331 3929 321.
1358 3872 1392 3928 ci.

243 3962 408 4022 Mommsen,
430 3955 587 4028 dunza-p.
606 3963 670 4024 566,
688 3974 714 4014 5.
736 3964 792 4014 1811.
870 3965 896 4026 i)
918 3961 951 4017 de
968 3977 1007 4016 or.
1030 3964 1057 4027 1,
1075 3964 1117 4030 25,
1138 3965 1194 4028 111,
1213 3958 1393 4017 conferendus

243 4049 285 4101 est
303 4042 420 4108 Obsequ.
438 4045 479 4095 46.
