2996 4784
675 286 812 343 Dctleriirs
829 284 963 342 Wilsdori

394 461 479 544 App
501 460 548 526 lb.
572 464 622 524 61.
653 482 692 524 ου
722 455 809 522 πολὺ
841 451 927 522 rt⁰
907 477 1047 538 ooaepor
1070 450 1147 519 i'coc
1170 451 1377 539 drdpvyor'
1356 477 1407 519 εκ

395 567 456 646 τῆς
467 557 688 627 Λουκούλλου
704 582 760 624 και
751 558 891 643 Γάλβα
905 553 1176 641 ποραυομήοεως
1190 538 1409 631 ἁλισθέντες

397 661 433 739 ἐς
454 665 595 745 μυρίους
617 659 678 747 τὴν
702 660 885 744 Τυρὸιταυί
885 662 1156 741 οΜυκατέτρεχου
1196 652 1254 719 nai
1276 650 1408 732 αυτοῖς

396 760 466 829 cirri
486 756 610 848 Ῥώμης
640 759 797 827 ἐπελθών
820 758 924 837 Γάϊος
950 754 1051 824 Orioni
1052 753 1169 834 λιος”
1147 780 1236 840 ayma
1259 762 1296 823 τέ
1319 780 1409 821 τινα

397 861 540 947 στρατὸν
563 859 663 929 ἄλλου
685 864 742 927 καὶ
765 861 843 939 τοὺς
866 860 901 928 ἐν
921 857 1046 946 Ἰβηρίᾳ
1067 858 1272 944 προσλαβὼν
1293 894 1337 904 -
1352 894 1407 904 -

395 963 545 1031 ἐπέπεσε
568 960 829 1048 προνομεύουσι.
874 963 914 1030 oi.
937 961 1032 1028 Diod.
1056 965 1107 1043 33,
1133 967 1158 1027 1.

394 1067 464 1133 Liv.
478 1086 531 1152 cp.
551 1069 600 1132 52.
622 1064 787 1132 Viriathus
810 1065 843 1131 in
865 1062 1022 1163 Hispania
1042 1062 1180 1147 primum
1199 1082 1242 1129 err
1264 1066 1406 1146 pastore

395 1173 538 1252 uenator,
559 1187 602 1233 eu
624 1172 776 1233 venatore
798 1167 889 1245 latro,
912 1185 988 1231 mox
1001 1164 1077 1231 iusti
1090 1163 1405 1245 quoqueexercitus

392 1268 462 1335 dux
490 1269 593 1336 factm
618 1272 722 1334 totam
744 1267 940 1333 Lusitaniam
971 1267 1153 1349 occupavit,
1183 1265 1217 1331 O.
1240 1264 1407 1331 Vetilium

395 1376 576 1454 praetorem
597 1355 668 1436 fuso
690 1369 760 1435 eius
774 1367 917 1435 exercitu
932 1367 1026 1451 oepit,
1047 1372 1120 1482 post
1136 1367 1282 1448 quemi).
1298 1350 1403 1437 Plau-

396 1472 459 1537 tius
481 1476 610 1555 praetor
631 1471 731 1536 nihilo
753 1470 876 1537 ielicius
897 1489 967 1535 rem
983 1467 1092 1552 gessit.
1128 1472 1317 1548 tantumque
1332 1473 1404 1534 ter-

396 1573 476 1638 roris
498 1572 531 1636 in
553 1572 654 1639 hostis
676 1572 792 1649 intulit,
813 1578 850 1637 ut
837 1569 1026 1637 tadrersus
1048 1588 1121 1636 eum
1138 1568 1299 1637 consulari
1314 1588 1404 1654 opus

396 1678 482 1739 esset
497 1680 529 1740 et
544 1672 626 1740 duce
641 1680 674 1738 et
688 1673 839 1739 exercitu.
870 1672 908 1737 cf.
922 1672 1006 1754 App.
1022 1670 1068 1735 lh.
1087 1673 1136 1737 oa
1167 1668 1257 1737 Oros.
1275 1675 1304 1752 5,
1320 1675 1351 1736 4.

396 1772 486 1840 Oros.
504 1781 533 1855 5,
549 1779 578 1839 4.
601 1775 679 1839 Post
699 1773 797 1839 etiam
813 1770 964 1838 Claudius
981 1770 1159 1838 Unimauus
1180 1791 1254 1837 cum
1275 1791 1403 1854 magno

395 1874 549 1941 instructu
572 1874 650 1942 belli
671 1880 781 1940 contra
802 1873 980 1939 Viriathum
1002 1870 1118 1938 missus
1142 1872 1235 1953 quasi
1257 1893 1315 1957 pro
1337 1875 1403 1939 ab·

396 1975 513 2042 olenda
527 1975 691 2061 superiore
706 1976 833 2042 macula
846 1974 1020 2058 turpiorem
1029 1973 1126 2038 ¹aurit
1136 1972 1205 2057 ipse
1218 1974 1402 2042 infamiam.

395 2076 432 2142 ef.
455 2077 541 2143 Flor.
565 2081 594 2160 2,
619 2081 668 2159 17,
694 2080 743 2142 16.

395 2172 477 2245 auct.
500 2177 531 2243 d
553 2177 613 2244 vir.
634 2177 681 2242 ill.
705 2181 756 2242 71.
777 2175 940 2241 Viriathus
965 2211 1007 2221 -
1029 2210 1070 2222 -·
1093 2176 1213 2242 bellum
1238 2175 1401 2243 adversus

395 2278 557 2344 Romanos
588 2278 724 2362 sumpsit
756 2294 929 2360 eorumque
962 2275 1186 2360 imperatorem
1223 2276 1400 2343 Claudium

395 2378 598 2464 Unimanum,
621 2379 696 2446 dein
720 2379 755 2445 O.
777 2377 942 2460 Nigidium
963 2377 1131 2462 oppressit.

328 2479 558 2547 Coniunximua
582 2485 731 2562 quattuor
752 2479 811 2546 hos
832 2478 987 2562 homines,
1011 2479 1160 2560 quoniam
1180 2498 1290 2544 omnes
1312 2482 1398 2546 ulte-

241 2582 335 2649 rioris
364 2573 550 2666 provinciae
579 2582 744 2666 praesides
772 2581 870 2647 fuisse
899 2579 1095 2646 confidimus.
1137 2579 1396 2663 Mommsenus1)

242 2684 336 2750 aliter
358 2690 466 2749 censet
488 2688 519 2749 et
541 2683 588 2749 sic
608 2684 677 2749 fere
700 2682 741 2746 de
763 2703 803 2748 ea
824 2701 858 2746 re
873 2686 1112 2764 argumentatus
1127 2686 1189 2746 est:
1212 2681 1398 2748 Viriathum

242 2789 367 2853 musar
393 2783 531 2866 primum
559 2784 593 2848 in
621 2784 743 2868 proelio
773 2789 882 2850 contra
902 2781 1054 2848 Vetilium
1076 2782 1244 2871 commisso
1266 2782 1397 2851 Lusita·

241 2904 355 2953 norum
376 2882 490 2951 ducem
513 2884 673 2952 exstitisse
683 2881 709 2966 2)
733 2887 765 2949 et
786 2903 869 2949 anno
892 2887 954 2948 615
977 2890 1133 2951 mortuum
1157 2881 1280 2969 ess03);
1303 2885 1398 2966 atqui

242 2985 403 3053 Diodorus
429 2988 462 3051 et
483 2984 614 3053 Orosius
636 2985 759 3051 nullam
781 2984 848 3051 eius
870 2985 1063 3053 mentionem
1085 2984 1214 3067 iaciunt,
1235 2986 1298 3051 nisi
1319 2992 1398 3070 post

195 3104 200 3124 ·
242 3086 388 3155 Corinthi
414 3085 541 3153 deletae
563 3087 793 3167 narrationem,
823 3091 855 3153 et
876 3084 1079 3171 Appianum)
1101 3090 1172 3152 octo
1195 3105 1297 3154 annos
1319 3108 1395 3155 eum

241 3184 404 3253 Lusitanis
424 3186 603 3269 praefuisse
625 3185 718 3268 dicit3
742 3205 818 3269 ergo
832 3187 967 3253 Vetilius
989 3206 1017 3252 a
1040 3191 1102 3252 607
1125 3186 1252 3272 partim,
1274 3189 1395 3272 partim
1483 3224 1484 3269 3

243 3290 305 3357 608
326 3286 361 3352 in
382 3285 540 3372 hispania
561 3292 638 3370 erat,
660 3285 853 3367 reliquorum
868 3287 964 3353 trium
979 3295 1059 3355 unus
1073 3289 1127 3355 vel
1141 3290 1223 3355 alter
1237 3288 1395 3357 citerioris
1483 3284 1484 3349 l

243 3394 313 3455 erat
333 3386 517 3473 provinciae
538 3395 675 3473 praetor,
698 3407 771 3454 cum
792 3388 954 3456 Viriathus
975 3409 1039 3456 non
1060 3389 1093 3455 in
1115 3389 1264 3457 ulteriore
1288 3391 1394 3459 solum
1483 3400 1484 3455 ξ

241 3489 399 3572 Hispania
413 3487 608 3574 pugnarem)
630 3488 751 3568 Quibus
766 3491 960 3574 argumentis
972 3490 1053 3558 haec
1063 3490 1394 3576 opponam:primum
1483 3530 1484 3549 ι

242 3685 323 3739 quam
342 3670 436 3724 Cicero
454 3669 521 3735 (stt.
535 3672 575 3736 12,
587 3676 612 3736 5,
628 3674 653 3736 3)
672 3672 706 3726 de
723 3687 804 3740 anno,
822 3689 875 3743 quo
894 3673 1050 3730 Scribonius
1068 3672 1138 3729 Libo
1155 3673 1282 3728 tribunus
1301 3673 1392 3742 fuerit,

241 3754 367 3810 dubitare
384 3752 501 3818 videtum
519 3752 580 3808 vide
597 3760 689 3811 tamen
705 3756 781 3812 Brut.
800 3761 847 3824 23,
866 3761 906 3811 89.
935 3761 979 3823 15,
997 3760 1038 3810 61.
1073 3757 1176 3812 Plinius
1196 3760 1231 3823 (9,
1249 3762 1293 3822 48)
1311 3773 1391 3826 quem
1483 3756 1484 3813 f

241 3836 387 3906 Lucullum
405 3835 531 3890 Baeticae
547 3841 739 3905 proconsulem
757 3841 829 3897 dcet
845 3841 946 3896 nescio.
1017 3847 1040 3904 1)
1059 3840 1222 3906 R.s.11,9.
1240 3840 1391 3897 Nobiscum

240 3920 308 3976 facit
324 3919 432 3988 Zumpt,
450 3920 522 3976 stud.
540 3922 618 3978 Rom.
636 3940 662 3992 p.
678 3929 708 3978 10
727 3940 767 3994 sq.
820 3929 846 3992 2)
863 3925 935 3995 App.
945 3924 984 3979 Ih.
995 3929 1035 3979 61.
1059 3924 1116 3979 Liv.
1128 3929 1220 3993 epti.
1244 3924 1322 3981 Oros.
1332 3931 1356 3992 5,
1366 3931 1390 3979 4.
1483 3978 1484 3983 ,

239 4003 371 4072 nicena,
385 4008 409 4074 1,
422 4009 459 4061 a,
515 4005 889 4074 trasamundus.
957 4011 984 4073 r)
1003 4008 1043 4064 rr.
1055 4013 1096 4062 rr.
1166 4007 1269 4073 stau.
1288 4014 1389 4078 epm.
