2996 4784
426 319 491 375 fasti
507 318 700 388 Hispaniarum
717 319 925 388 provinciarum.
1042 389 1048 410 -.
1203 317 1242 379 95

181 495 396 559 Mommsenus
419 497 451 557 et
469 491 659 559 Huebnerus
681 510 722 556 ex
743 490 921 559 litterarum
944 489 1041 557 ductu
1061 490 1096 556 id
1118 491 1247 575 quidem

87 602 273 661 statuerunt
296 601 381 662 certe
402 595 525 660 liberae
547 593 594 659 rei
616 593 764 677 publicae
779 600 931 677 tempore,
953 594 1161 677 probabiliter
1175 616 1244 662 sae-

87 696 167 763 culo
195 684 283 763 urbis
312 695 447 781 septimo
477 695 713 780 inscriptionem
746 695 838 763 illam
868 694 986 760 iactam
1015 716 1086 763 csse
1114 705 1147 764 et
1174 717 1246 763 cum

88 798 206 878 Quinti
228 796 312 862 lilius
334 796 444 864 Labeo
467 795 606 878 dicatur,
636 796 772 862 fumasse
801 796 940 862 consulis
964 797 1040 862 anni
1062 804 1119 863 571
1144 798 1245 866 filium

89 920 169 967 cum
190 900 304 982 fuisse,
327 898 368 965 de
391 919 454 982 quo
477 898 588 966 Cicero
601 895 626 980 1)
649 895 742 963 dicit:
768 895 845 963 ‘Sed
866 899 942 964 vivo
965 898 1086 967 Catone
1108 901 1244 967 minores

87 1009 171 1067 natu
199 1000 290 1066 multi
319 1021 382 1065 uno
412 1006 555 1085 tempore
583 1003 724 1066 oratores
752 999 879 1065 fuerunt
904 1036 947 1047 --
976 1037 1018 1047 -
1047 1001 1245 1083 Quintusque

89 1102 216 1170 Fabius
230 1102 339 1169 Labeo
362 1102 422 1167 fuit
444 1106 572 1168 ornatus
594 1100 710 1167 iisdem
724 1102 790 1167 iere
805 1101 974 1168 laudibus?
1010 1102 1143 1170 Praetor
1157 1103 1245 1170 vidc-

88 1211 144 1270 tur
167 1205 267 1270 fuisse
289 1202 507 1289 proconsulari
529 1202 673 1287 imperio.

300 1306 350 1396 Μ’.
374 1303 506 1389 Sergius
529 1305 663 1388 (praet.)
686 1323 808 1388 procos.

249 1406 897 1490 uunuamm=uamm

477 1508 517 1574 M’
541 1533 547 1546 ·
571 1507 699 1573 SERGI
723 1530 729 1545 ·
752 1506 793 1571 Μ’
817 1507 863 1571 ·f

580 1607 663 1673 PRO
686 1607 765 1674 OOS

732 1711 813 1775 XXI

181 1815 300 1882 Consul
322 1812 415 1880 huius
437 1811 575 1880 nominis
599 1832 668 1877 cum
691 1812 724 1877 in
746 1811 838 1877 fastis
860 1832 922 1878 non
944 1813 1129 1896 reperiatur,
1156 1834 1245 1899 prac-

91 1924 197 1982 torem
213 1916 360 2000 Scrgium
381 1914 598 1998 proconsulari
620 1912 756 1997 imperio
778 1913 877 1980 fuisse
899 1921 1042 1998 apparet,
1065 1923 1155 1982 aetas
1177 1917 1245 1983 eius

92 2017 216 2099 pariter
237 2017 359 2083 incerta
380 2022 429 2082 est
450 2037 488 2082 ac
510 2016 548 2095 Q.
571 2014 666 2082 Fabii
688 2015 856 2097 Labeonis,
879 2013 941 2080 nisi
956 2013 1068 2100 ‘Sergi'
1090 2037 1148 2100 pro
1164 2015 1245 2083 ‘Ser-

94 2118 179 2201 gius'
200 2118 301 2185 forma
323 2119 430 2185 brevis
453 2118 618 2200 aliquanto
641 2116 852 2198 antiquiorem
876 2136 947 2182 eam
968 2115 1098 2183 indicat.

182 2222 359 2304 Utrumque
381 2220 602 2303 proconsulem
626 2226 681 2284 aut
703 2218 881 2284 citeriorem
901 2218 1088 2303 Hispaniam
1104 2226 1160 2285 aut
1174 2240 1246 2286 con-

92 2325 220 2390 iunctas
249 2322 429 2406 provincias
459 2320 636 2387 obtinuisse
665 2320 737 2385 loca
770 2318 900 2403 docent,
936 2321 991 2386 ubi
1023 2321 1245 2407 inscriptiones

93 2425 245 2492 inventae
266 2431 348 2492 sunt.

95 2529 181 2594 599?
205 2527 255 2592 M’.
278 2526 427 2592 Manilius
840 2519 848 2529 '

7 2690 8 2719 ρ
52 2669 58 2673 -
94 2635 166 2696 600.
207 2629 241 2695 L.
265 2627 454 2710 Calpurnius
475 2518 585 2717 Piso]
608 2582 720 2659 pram
744 2572 814 2657 (ω’
838 2573 893 2659 H')

116 2742 122 2749 '
250 2733 333 2815 App.
350 2729 396 2794 Ib.
414 2733 464 2795 56.
486 2733 546 2792 τοῦ
569 2725 603 2791 δ’
628 2723 730 2791 αὐτοῦ
750 2723 872 2808 χρόνου
895 2731 998 2807 μέρος
1019 2722 1099 2790 ἄλλο
1113 2722 1247 2812 Ἰβήρων

249 2827 453 2910 αὐτονόμων,
477 2831 511 2893 οἳ
531 2829 724 2894 Λυσιτανοὶ
746 2828 934 2905 καλοῦνται,
958 2831 1128 2892 Hecataeo
1152 2829 1249 2915 σφῶν

251 2927 436 3018 ἡγουμένου
465 2928 508 2993 τὰ
534 2925 702 3013 Ῥωμαίων
730 2925 865 3013 ὖττήκοα
899 2927 1056 3014 ἐλῄζοντο
1085 2930 1142 2993 καί
1171 2928 1250 3006 τούς

252 3037 519 3118 στρατηγοῦντας
547 3028 655 3096 αὐτῶν
677 3028 853 3096 Μανίλιον
874 3054 910 3096 τε
934 3031 991 3095 καί
1013 3028 1249 3115 Καλπούρνιον

252 3138 393 3198 Πίοωνα
416 3131 625 3219 τρεψάμενοι
648 3137 835 3198 κτείνουσιν
853 3131 1099 3213 ἑξακισχιλίους
1114 3132 1172 3197 καλ
1188 3128 1247 3199 ἐπ’

252 3232 368 3312 αὐτοῖς
393 3239 571 3319 Τερέντιον
599 3232 784 3319 Οὐάρρωνα
806 3239 937 3317 ταμίαν.
971 3236 1008 3302 cf.
1031 3234 1102 3302 Liv.
1125 3256 1174 3320 ep.
1199 3241 1249 3303 47.

250 3337 391 3417 Obsequ.
418 3340 464 3403 17.

7 3510 8 3521 ,
183 3440 335 3522 Quisquis
350 3439 490 3525 Appiani
505 3439 604 3506 verba
618 3439 743 3522 legerit,
753 3439 860 3504 ‘facile
878 3436 1046 3503 concludat
1062 3435 1143 3503 duos
1158 3456 1248 3521 prae·

7 3524 8 3547 ¹
99 3552 185 3611 tores
213 3564 276 3610 uno
306 3542 427 3627 proelio
455 3540 543 3609 moos
566 3559 651 3624 esse,
681 3540 739 3606 sed
761 3560 891 3624 vereor,
919 3559 959 3606 ne
981 3539 1085 3603 minus
1107 3542 1193 3604 recte
1213 3537 1248 3604 id

99 3644 284 3729 dicamus.²)
325 3643 466 3710 Maxime
489 3643 574 3709 enim
596 3640 739 3726 offendit,
763 3642 849 3723 quod
871 3639 1052 3727 Appianas,
1079 3658 1151 3703 cum
1172 3637 1248 3706 inde

99 3768 120 3813 a
150 3747 254 3832 capite
283 3745 528 3830 quadragesimo
556 3745 658 3811 altero
687 3764 738 3810 res
766 3766 787 3810 a
812 3742 966 3810 citerioris
988 3740 1172 3824 provinciae
1194 3739 1251 3804 im-

99 3849 300 3935 peratoribus
321 3854 429 3930 gestas
451 3847 617 3929 rettulerit,
639 3845 700 3929 hic,
722 3844 779 3911 ubi
793 3843 951 3911 ulterioris
966 3842 1149 3928 provinciae
1164 3842 1250 3909 bella

190 4069 212 4132 l)
230 4065 307 4121 Brut.
326 4070 368 4131 21,
386 4069 426 4119 81.
497 4069 523 4130 2)
541 4063 581 4119 ef.
600 4062 750 4119 Mommsen
767 4062 799 4117 R.
818 4061 851 4117 G.
869 4061 904 4126 Il,
923 4066 948 4116 4.
