2996 4784
154 390 162 399 ι
258 308 320 370 106
689 309 829 366 Dotleuius
845 309 980 365 Wilsdorf

255 480 394 549 decessit
406 481 441 564 ¹),
463 486 627 566 praetores
648 480 724 546 indc
745 480 787 545 ab
808 500 893 547 anno
917 485 978 547 618
994 480 1161 566 inperium
1175 480 1319 548 ancaeo
1338 498 1421 548 con-

256 586 442 649 sentaneum
465 587 521 648 est.

257 686 434 750 eso-on.
456 685 492 748 Ρ.
516 681 681 748 osraenos
703 681 810 768 sepa
833 682 1001 750 Africanus
1030 701 1092 749 aa.
1115 682 1149 748 11
1172 701 1213 747 ex
1234 681 1419 766 plebiscito
1476 646 1477 693 ³

408 784 544 970 inlivlip
561 889 611 950 56.
635 905 705 951 cum
727 885 849 952 bellum
863 885 1095 951 Numantinum
1115 884 1193 951 vitio
1210 883 1332 953 ducum
1349 904 1419 951 non

408 987 477 1056 sinc
498 986 620 1070 pudore
641 985 770 1070 publico
793 985 930 1069 duraret
953 986 1080 1053 delatus
1100 990 1149 1051 est
1163 985 1246 1051 ultio
1263 983 1419 1070 Scipioni
1476 1054 1477 1073 2

406 1086 559 1154 Airicano
574 1107 595 1152 a
609 1093 721 1154 senatu
736 1088 919 1172 populoque
934 1089 1078 1155 Romano
1096 1087 1289 1169 consulatus,
1311 1104 1418 1167 quem

408 1207 479 1254 cum
508 1188 557 1253 illi
584 1207 698 1272 capere
727 1189 769 1256 ob
798 1189 919 1273 legem,
950 1208 1032 1270 quae
1054 1190 1186 1255 vetabat
1212 1206 1417 1269 quemquam
1476 1232 1477 1237 .

406 1289 521 1356 iterum
549 1289 713 1355 consulem
740 1289 826 1373 fieri,
855 1309 919 1354 non
946 1289 1074 1373 liceret,
1105 1289 1187 1357 siout
1213 1288 1311 1372 ptiori
1338 1308 1416 1354 con-

407 1391 514 1456 sulatu
535 1388 661 1472 legibus
683 1390 805 1456 solutus
827 1395 885 1457 est.
930 1391 969 1456 cf.
992 1392 1074 1476 App.
1097 1391 1143 1457 Ib.
1171 1394 1220 1455 84.
1264 1388 1357 1456 Flor.
1383 1392 1414 1473 2,
1476 1388 1477 1461 ἴ

410 1496 459 1577 18,
482 1495 511 1559 8.
554 1491 695 1575 liutai,
722 1495 770 1556 17.
808 1491 889 1559 Vell.
912 1494 942 1576 2,
966 1496 1048 1575 4,2.
1088 1491 1177 1558 Oros.
1202 1495 1231 1573 5,
1255 1494 1284 1555 7.
1324 1495 1413 1556 auct.
1476 1568 1477 1595 χ

405 1592 437 1658 d.
460 1593 585 1661 ciant
610 1596 660 1657 518.

406 1695 489 1779 App.
511 1694 558 1760 lb.
582 1697 632 1759 99.
652 1690 808 1774 Ῥωμαῖοι
830 1691 867 1757 δὲ
891 1686 938 1767 ὠς
961 1690 1046 1767 ἐ’θος
1072 1689 1108 1768 ἐς
1129 1690 1171 1755 τὰ
1194 1693 1412 1779 προσειλημ-

405 1799 491 1876 μένα
518 1800 579 1880 τῆς
598 1788 742 1878 Ἰβηρίας
771 1791 931 1874 ἔπεμψαν
954 1788 1024 1857 ἀπὸ
1047 1797 1107 1877 τῆς
1129 1795 1254 1879 βουλῆς
1276 1789 1411 1878 ἄνδρας
1476 1808 1477 1859 l

407 1894 489 1960 δέκα
510 1893 595 1972 τοὺς·
609 1899 923 1980 καταστησομένους
941 1891 1026 1958 αὐτὰ
1042 1891 1077 1970 ἐς
1093 1892 1229 1982 εἰρήνην
1245 1891 1309 1960 ὅσα
1328 1901 1412 1960 Σκι-

348 1990 355 1999 ”
406 2000 495 2061 πίων
517 2020 553 2062 τε
577 1994 676 2078 ἔλαβε
700 1995 758 2060 καὶ
772 2000 925 2080 Βροῦτος
946 1993 1015 2078 ττρὸ
1034 2001 1094 2059 τοῦ
1109 1999 1300 2072 Σκιπίωνος
1316 1999 1410 2082 tiraq-

404 2095 524 2181 γάγετο
548 2093 570 2182 ἢ
592 2095 805 2179 ἐχειρώσατο.

336 2201 416 2279 Lex,
440 2216 503 2279 qua
526 2196 634 2282 Scipio
654 2198 778 2293 ‘solutus
800 2216 872 2262 csse
895 2197 1026 2280 dicitur,
1048 2186 1080 2263 a.
1101 2202 1163 2263 603
1186 2199 1306 2265 Catone
1332 2218 1407 2266 auo·
1476 2224 1477 2291 j

253 2305 331 2382 tore,
352 2301 388 2365 ut
409 2298 546 2379 videtur,
567 2299 635 2365 lata
657 2297 745 2381 est2)
781 2297 983 2382 Appianusi)
1005 2298 1046 2364 de
1060 2299 1218 2399 Scipionis
1240 2306 1352 2367 aetate
1374 2300 1408 2365 in
1476 2326 1477 2389 p

253 2418 358 2470 carcre
379 2403 534 2483 versatur,
565 2420 637 2466 cum
658 2399 783 2467 scribit:
815 2395 893 2465 ici
917 2401 974 2466 aui
1000 2399 1076 2466 coice
1100 2401 1140 2486 ἦν
1163 2398 1214 2465 ’ἑτι
1236 2400 1407 2485 νεώτερος
1476 2402 1477 2485 j

123 2550 127 2559 .
252 2506 313 2586 τῆς
335 2505 578 2587 νενομισμένης
600 2512 673 2578 τοῖς
694 2496 920 2570 cccccccccc
942 2498 1085 2587 ἡλικίας.
1119 2502 1226 2568 Natus
1246 2502 1338 2569 anim.
1358 2508 1406 2571 cni
1476 2518 1477 2575 l

252 2601 360 2686 Scipio
382 2620 412 2667 a.
436 2605 497 2667 569
508 2599 550 2686 ⁴);
580 2609 655 2669 tunc
682 2601 779 2686 igitur
793 2602 1033 2687 quinquaginta
1053 2623 1153 2670 annos
1174 2604 1405 2688 compleuerat.
1476 2624 1477 2651 1

251 2702 459 2771 Numantiam
489 2720 552 2784 quo
581 2709 724 2787 tempore
753 2713 938 2787 oppugnare
965 2705 1120 2789 inceperit
1149 2724 1255 2786 quove
1280 2723 1404 2789 expuat
1476 2706 1477 2771 l

251 2805 344 2888 notit,
367 2823 439 2869 cum
460 2803 521 2870 viri
543 2803 629 2869 docti
651 2801 839 2870 dissentiant
850 2804 892 2888 l),
918 2803 961 2872 de
982 2824 1066 2871 anno
1089 2812 1185 2888 certe,
1206 2824 1269 2887 quo
1291 2806 1403 2873 trium
1476 2796 1477 2875 J

251 2905 374 2992 phavit,
396 2907 530 2971 constat.
573 2903 661 2969 Dicit
682 2905 765 2971 enim
788 2906 899 2973 Cicero
910 2905 936 2991 6)
959 2906 1001 2973 do
1023 2907 1108 2972 bello
1131 2926 1204 2972 cum-
1220 2907 1402 2974 Aristonioo
1476 2946 1477 2969 2

252 3015 342 3093 gesto
364 3009 400 3072 P.
424 3004 546 3073 Licinio
569 3006 605 3071 L.
625 3005 753 3072 Valeiio
775 3007 973 3074 consulibus:
997 3007 1057 3074 ‘Ita
1077 3010 1214 3094 populus
1235 3008 1402 3075 Romanas
1476 3032 1477 3039 ¹

251 3107 374 3176 consuli
394 3106 503 3192 potius
523 3106 639 3172 Crasso
663 3124 758 3187 quam
780 3107 905 3190 privato
920 3107 1070 3175 Africano
1089 3109 1209 3176 bollum
1223 3108 1402 3193 gerendum

250 3207 348 3276 dedit'
371 3213 404 3274 et
424 3226 533 3297 supra:
555 3207 760 3289 ‘quamquam
782 3210 852 3273 erat
872 3208 1050 3290 Africanus,
1065 3210 1132 3291 qui
1153 3230 1236 3276 anno
1259 3213 1336 3276 ante
1360 3208 1402 3275 do

250 3307 454 3377 Numantinis
475 3307 705 3392 triumpharat.
747 3309 860 3391 Legati
887 3329 959 3376 eum
981 3312 1197 3393 sequebantur
1217 3311 1255 3390 Q.
1277 3310 1400 3379 Fabius

250 3410 410 3477 Maximus
431 3408 628 3475 Aemilianus
650 3410 763 3493 irater,
785 3411 887 3477 Buteo
908 3413 1062 3497 patruelis
1073 3412 1112 3497 ⁷);
1134 3412 1318 3478 militabant
1339 3409 1399 3479 sub

250 3530 288 3578 eo
317 3512 352 3578 0.
376 3510 574 3593 GraechnsS)
602 3515 638 3576 ct
666 3508 700 3576 O.
728 3510 900 3596 manneus
929 3514 1049 3581 tribuni
1076 3514 1213 3580 militum
1243 3518 1338 3579 ocant.
1363 3511 1396 3576 P.

248 3612 387 3681 Rutilius
418 3610 519 3678 Rufus
553 3616 587 3678 et
618 3609 823 3695 Sempronius
855 3614 994 3698 Asellio,
1022 3615 1077 3696 qui
1105 3615 1184 3682 belli
1211 3609 1398 3682 Numantini

336 3779 360 3843 1)
379 3775 419 3831 cl.
438 3792 465 3845 p.
480 3781 534 3830 104.
603 3780 628 3843 2)
646 3776 719 3832 Fest.
729 3794 755 3846 p.
766 3782 824 3832 242.
842 3779 877 3834 cl.
887 3782 978 3849 Lange
995 3781 1028 3835 R.
1041 3781 1074 3833 A.
1090 3780 1112 3847 1,
1130 3784 1189 3834 112.
1260 3783 1285 3843 3)
1302 3779 1342 3833 Ib.
1353 3781 1394 3832 84.

248 3863 274 3926 4)
291 3860 362 3915 Plut.
380 3859 456 3914 Acin.
475 3860 551 3917 Paul.
571 3865 611 3916 22.
680 3865 706 3929 5)
723 3862 764 3919 cf.
784 3863 934 3919 Mommsen
951 3864 984 3919 R.
1001 3865 1033 3921 G.
1052 3864 1087 3932 ΙΙ,
1108 3869 1148 3918 tl.
1177 3862 1326 3918 Hoffmann
1342 3863 1359 3916 l.
1377 3861 1395 3915 l.

247 3962 273 4014 p.
292 3949 334 4000 ce.
396 3949 420 4008 ol
439 3944 597 4014 Phntqs,
616 3951 655 4002 ts.
716 3950 741 4013 τ)
759 3946 987 4015 sppueosl.
1048 3952 1074 4014 e)
1093 3947 1394 4005 Ptucnicraconna

248 4033 276 4097 9)
290 4029 361 4083 Plut.
378 4027 449 4085 Mar.
468 4034 493 4087 3.
