2996 4784
252 309 313 369 116
687 307 825 363 Detlevius
843 307 977 363 Wilsdcrl

337 481 494 549 Sertorius
524 502 594 547 cum
623 485 696 564 post
727 500 845 545 annum
880 483 918 543 67
923 483 941 542 2
975 498 1078 561 neque
1107 480 1176 545 iure
1209 496 1313 558 neque
1346 498 1417 561 pro

252 584 398 650 Mariana
418 582 567 666 factione,
595 581 654 648 sed
676 601 733 648 suo
757 582 885 648 nomine
907 580 1097 665 Hispaniam
1120 585 1312 663 occupatam
1332 583 1416 647 reti-

252 686 366 770 nuerit,
388 685 477 751 nimii
497 685 531 748 in
547 685 615 750 eius
631 682 906 749 administratione
922 702 1072 764 essemus,
1096 682 1133 765 si,
1157 680 1317 764 quomodo
1334 702 1416 748 cum

251 786 436 853 Mithridate
458 786 571 852 foedus
593 785 700 850 inierit
709 783 734 867 1)
758 790 812 849 aut
836 782 913 865 quid
937 770 1107 868 praeterea
1128 784 1239 866 egerit,
1261 784 1415 868 pluribus

251 889 360 957 verbis
389 888 632 972 explicaremus.
676 886 791 969 Legati
821 890 928 952 autem
951 886 1019 952 eius
1041 891 1073 951 et
1096 890 1281 966 quaestores
1304 887 1415 951 nomi-

250 991 351 1057 nandi
379 997 467 1056 sunt:
496 991 674 1074 Perperna,
705 988 760 1068 qui
787 1007 815 1052 a.
840 991 900 1053 677
929 987 1093 1071 copiarum
1115 985 1230 1071 Lepidi
1252 985 1414 1068 reliquias

252 1091 282 1158 ei
305 1090 437 1158 tradidit
459 1097 491 1157 et
512 1112 533 1156 a
555 1091 708 1155 militibus
731 1095 858 1155 coactus
881 1095 929 1155 est
950 1108 1107 1154 summam
1121 1087 1249 1172 imperii
1263 1087 1414 1153 Sertorio
1439 1134 1442 1137 -

189 1231 193 1238 -
251 1193 435 1277 permittere
445 1193 490 1278 2);
519 1193 619 1259 lulius
642 1191 803 1257 Salinator
825 1194 933 1257 contra
957 1192 990 1257 0.
1013 1191 1152 1256 Annium
1174 1208 1336 1274 pugnasse
1360 1188 1412 1254 di·
1440 1214 1444 1217 ·

251 1297 332 1361 citur
341 1294 385 1378 ³),
415 1295 449 1360 Ο.
473 1293 668 1359 Herennium
678 1291 703 1376 4)
725 1293 896 1376 Pompeius
926 1291 1059 1375 devicit,
1090 1294 1124 1356 L.
1147 1290 1286 1356 Hirtulei
1309 1311 1414 1374 quae·

251 1397 346 1462 storis
368 1395 502 1461 victoria
525 1402 557 1459 et
578 1413 663 1460 mors
686 1399 950 1460 commemoratur
960 1392 996 1477 5),
1019 1393 1059 1457 M.
1078 1393 1197 1458 Marius
1219 1391 1261 1457 ad
1284 1391 1413 1457 Mithri-

251 1497 360 1563 datem
383 1497 500 1563 missus
522 1493 617 1580 ests),
640 1496 840 1577 Tarquitium
863 1494 1001 1562 eundem
1018 1497 1163 1576 fortasse,
1188 1492 1242 1575 qui
1258 1495 1292 1560 Ο.
1308 1494 1412 1563 Annii
1459 1584 1460 1588 Ἰ

253 1604 402 1680 quaestor
424 1598 537 1681 fuerat,
560 1597 642 1663 alios
661 1597 832 1663 Sallustius
854 1603 886 1663 et
904 1596 1074 1663 Frontinus
1097 1596 1270 1681 appellant,
1293 1596 1412 1662 ubido

252 1700 384 1767 Sertorii
406 1707 507 1766 morte
530 1699 629 1765 verba
650 1697 810 1782 faciunt.⁷)
1012 1756 1018 1769 „
1332 1768 1334 1772 ,

252 1801 444 1865 672-6737
468 1800 502 1865 O.
525 1801 672 1866 Valerius
693 1801 828 1865 Flaccus
852 1796 1016 1883 (praetor)
1039 1798 1150 1883 imper.
1174 1799 1311 1865 Galliae.

473 1900 528 1982 (M.
552 1901 704 1968 Fonteius
729 1899 842 1983 legat.)

405 2003 502 2069 Gran.
525 2003 624 2069 Licin.
647 2025 678 2087 p.
702 2006 742 2066 39
766 2002 816 2067 ed.
839 2002 939 2068 Bonu.
969 2002 1011 2067 Et
1032 2003 1164 2068 Murena
1187 2022 1227 2067 ex
1249 2003 1329 2070 Asia
1353 2004 1410 2070 tri·

405 2105 579 2190 umphavit.
610 2106 651 2170 Et
666 2104 813 2170 Valerius
827 2103 962 2168 Flaccus
985 2123 1025 2168 cx
1043 2104 1217 2170 Celtiberia
1239 2112 1271 2171 et
1286 2105 1409 2171 Gallia.

405 2206 469 2271 Oic.
492 2208 584 2272 Font.
606 2206 643 2272 fr.
667 2206 703 2271 A.
728 2209 764 2286 3.,
788 2209 816 2270 6.
847 2204 1069 2288 Hispaniensis
1096 2206 1213 2288 legatio
1236 2213 1411 2273 consecuta

309 2354 317 2361 -
405 2312 454 2373 est
476 2306 748 2373 turbulentissimo
770 2306 816 2371 rei
838 2305 986 2390 publicae
1001 2310 1153 2391 tempore,
1177 2327 1249 2373 eum
1264 2308 1409 2376 adventu

405 2410 440 2473 L.
464 2408 575 2474 Sullae
606 2405 651 2493 [in
671 2404 810 2492 Italiam]
840 2407 971 2473 maximi
992 2408 1151 2473 exercitus
1174 2409 1291 2477 civium
1313 2411 1409 2479 dissi-

405 2509 518 2578 derent
540 2510 580 2576 de
604 2502 730 2578 iudiciis
752 2516 784 2577 et
806 2510 941 2592 legibus.
983 2508 1021 2574 ef.
1044 2510 1086 2574 ib.
1110 2513 1160 2591 20,
1185 2516 1225 2574 45
1249 2509 1314 2596 (15,
1340 2512 1409 2599 aa).

405 2613 470 2679 Sic.
494 2614 618 2692 Quinct.
642 2617 670 2695 6,
694 2617 744 2678 24.
774 2613 876 2678 Roma
904 2611 1067 2692 egreditur
1093 2632 1121 2677 a.
1145 2611 1176 2677 d.
1198 2613 1239 2678 Π.
1263 2615 1302 2680 Κ.
1326 2614 1408 2682 Feb.

405 2713 572 2791 Quinctius
594 2713 744 2797 Scipione
768 2719 800 2778 et
818 2711 969 2779 Norbano
993 2732 1072 2778 coss,
1088 2749 1130 2758 —
1146 2713 1187 2779 ib.
1205 2717 1234 2797 7,
1251 2718 1300 2781 28.
1325 2715 1409 2783 (lon-

404 2814 486 2898 fugit
516 2815 558 2878 ad
581 2814 615 2878 Ο.
638 2814 790 2880 Flaccum
818 2816 1059 2898 imperatorem,
1090 2817 1145 2896 qui
1173 2822 1249 2882 tunc
1277 2823 1346 2883 erat
1374 2819 1408 2884 in

403 2914 577 3000 provincia.
622 2917 660 2982 of.
685 2920 735 2999 25,
760 2920 809 2982 79.
855 2916 946 2983 Caes.
970 2916 999 2981 b.
1022 2916 1060 2982 G.
1087 2922 1113 2999 1,
1141 2921 1192 2984 47.

336 3017 487 3100 Flaccus,
510 3016 669 3101 siquidem
690 3017 776 3083 idem
800 3025 863 3100 est,
887 3039 982 3101 quem
1005 3017 1115 3083 Cicero
1138 3040 1167 3084 a.
1192 3022 1250 3082 671
1277 3019 1407 3086 Galliae

251 3118 469 3184 Narbonensis
490 3119 673 3203 praesidem
694 3118 793 3184 fuisse
816 3124 923 3183 narrat
930 3167 937 3200 ‚
968 3127 1064 3199 atque
1085 3120 1158 3202 ille,
1183 3119 1273 3186 ouius
1295 3121 1405 3187 trium-

250 3219 350 3304 phum
372 3220 553 3288 Licinianus
576 3225 802 3287 commemorat
822 3225 896 3302 post
917 3219 1051 3302 Pompei
1074 3227 1106 3285 et
1121 3221 1273 3288 Murenae
1295 3221 1404 3289 trium·
1484 3214 1485 3269 ἶ

250 3321 364 3406 phum,
394 3341 466 3388 cum
490 3323 659 3389 Celtiberis
689 3320 870 3387 conflixisse
898 3328 1005 3404 potest
1032 3343 1061 3387 a.
1089 3325 1148 3385 671
1180 3323 1234 3388 vel
1262 3325 1325 3386 672
1352 3323 1406 3391 vel

251 3426 323 3487 673.
369 3424 453 3488 Nam
475 3444 547 3489 cum
568 3421 743 3489 secundum
765 3422 965 3489 Licinianum
987 3422 1175 3507 Pompeius,
1205 3423 1260 3506 qui
1287 3444 1317 3489 a.
1343 3428 1404 3490 648

251 3524 334 3608 prid.
356 3524 429 3590 Kal.
452 3522 521 3590 Oct.
539 3530 632 3590 natus
655 3526 747 3609 estss),
770 3544 871 3590 annos
894 3523 1034 3608 quinque
1055 3531 1089 3591 et
1110 3523 1224 3609 viginti
1245 3533 1349 3609 natus,
1372 3527 1405 3619 h,

321 3711 345 3772 1)
362 3706 435 3760 Prot.
454 3705 523 3759 snt.
542 3710 582 3759 aa
618 3707 693 3778 App.
712 3708 805 3762 mitur.
824 3712 865 3763 cs.
936 3710 963 3770 a)
983 3706 1055 3760 Prot.
1075 3707 1144 3762 Seru.
1166 3711 1203 3760 1s.
1274 3713 1301 3775 a)
1318 3710 1358 3763 1u.
1380 3714 1402 3762 u.
1484 3722 1485 3729 ¹

250 3797 277 3858 4)
296 3789 442 3845 Sallust.
454 3794 477 3855 2,
488 3794 528 3856 96,
540 3796 564 3845 5.
632 3795 658 3859 5)
676 3792 900 3860 Liv.ep.90.91.
971 3794 996 3855 6)
1013 3791 1223 3846 Praebuere.
1295 3798 1321 3858 7)
1339 3794 1402 3849 Sall.
1484 3796 1485 3799 ’

250 3876 276 3929 h.
295 3875 329 3928 fr.
348 3879 372 3940 3,
390 3879 416 3927 4.
436 3880 458 3928 5.
528 3875 622 3932 Front.
637 3881 661 3942 2,
679 3883 704 3942 b,
723 3882 764 3931 31.
835 3878 861 3940 8)
880 3874 957 3944 Quod
976 3875 1047 3930 enim
1063 3876 1176 3946 ib.p.21
1198 3876 1231 3930 de
1249 3893 1330 3944 anno,
1349 3893 1401 3948 quc

250 3958 395 4028 Pompeius
413 3958 493 4014 natus
513 3961 556 4026 sit,
575 3961 681 4027 dicitur,
704 3960 796 4029 inepte
812 3959 1003 4028 interpolatum
1021 3976 1081 4015 esse
1102 3967 1224 4031 apparet.
1262 3962 1297 4017 cf.
1315 3962 1401 4033 praef.
1484 4036 1485 4043 ἵ

250 4043 313 4098 edit.
332 4044 419 4098 Bonn.
438 4060 465 4114 p.
483 4044 557 4101 XVI.
