2996 4784
351 340 352 343 ,
393 320 398 323 “
442 300 508 356 fasti
524 301 717 371 Hispaniarum
734 301 941 370 provinciarum.
1096 364 1101 371 ,
1227 300 1266 360 75

112 473 290 557 Crassus.¹)
335 474 413 540 Post
433 471 618 559 Scipionum
646 472 809 540 interitum
838 473 992 540 militibus
1022 473 1279 541 assentientibus·

112 580 169 646 vel
189 575 373 642 iubentibus
395 573 431 640 L.
453 574 592 640 Marcius
615 574 776 658 Septimus
799 574 940 642 centurio
966 594 1123 642 summam
1144 575 1269 661 imperii

112 678 256 764 accepit,
285 678 339 759 qui
368 696 439 742 oum
457 676 582 769 ‚litteris
608 675 651 743 ad
673 682 819 743 senatum
841 675 947 742 missis
969 695 1005 742 se
1027 676 1097 762 ipsc
1118 696 1267 761 proprae

111 787 216 849 torem
231 780 436 865 appellasset,
451 798 515 844 non
525 778 750 863 comprobatus
761 797 833 844 esse
843 776 999 860 dicitnrd)
1022 778 1132 844 Livius
1144 798 1268 873 errasse

114 884 256 964 videtur,
293 880 380 963 quod
408 879 592 965 Scipionum
625 885 761 947 mortem
792 880 825 944 im
852 898 970 946 annum
1005 886 1066 944 542
1097 880 1270 965 eontulit.³)

112 986 224 1070 Ipse⁴)
253 982 338 1049 enim
366 981 409 1048 ad
429 982 522 1049 illum
543 1000 662 1048 annum
683 980 831 1047 adnotat:
853 979 986 1048 ‘Hadem
1012 988 1135 1050 aestate
1156 982 1190 1047 in
1212 983 1268 1048 Hi-

113 1086 323 1172 spaniacum
345 1083 472 1150 biennio
494 1085 594 1150 ferme
615 1082 695 1149 nihil
717 1080 890 1151 admodum
919 1084 1128 1151 memorabile
1148 1085 1268 1151 factum

112 1188 218 1270 esset',
242 1205 436 1268 quamquam
458 1183 542 1251 inter
564 1205 604 1252 ea
626 1202 709 1266 quac
724 1189 822 1251 antea
837 1190 869 1251 et
883 1190 951 1251 tum
964 1185 1169 1272 imHispania
1182 1186 1269 1252 facta

112 1308 186 1358 esse
214 1295 340 1370 narrat,
367 1306 431 1352 non
458 1287 532 1371 plns
561 1306 658 1368 quam
679 1306 782 1353 annus
805 1291 863 1351 541
888 1285 1067 1354 intercedit.
1110 1287 1269 1372 Exposuit

113 1393 222 1456 autem
251 1392 349 1456 antea
375 1388 654 1471 Carthaginienses
682 1387 898 1473 compluribus
926 1388 1058 1472 proeliis
1089 1390 1192 1456 victos
1224 1388 1268 1455 ad

112 1490 359 1578 opprimendum
374 1489 566 1574 Syphacem,
590 1490 644 1573 qui
667 1490 881 1556 Romanomm
903 1491 1077 1557 amicitiam
1099 1492 1268 1575 amplexus

113 1599 216 1679 esset,
246 1593 454 1659 Massinissae
481 1590 603 1658 auxilio
632 1610 708 1658 usos
736 1609 816 1656 esse.
829 1590 854 1673 5)
898 1590 992 1668 Quod
1019 1592 1063 1657 ad
1091 1592 1212 1658 bellum
1234 1592 1268 1657 in

112 1695 223 1764 Africa
250 1691 426 1778 gerendum
453 1691 689 1758 Hasdrubalem
718 1712 760 1757 ex
787 1692 945 1779 Hispania
976 1693 1163 1759 arcessitum
1195 1711 1266 1759 esse

8 1842 9 1845 =
113 1798 224 1865 Livius
247 1795 377 1879 quidem
399 1816 464 1862 non
485 1794 598 1876 tradit,
621 1793 679 1860 sed
701 1793 869 1878 Appianas
894 1794 1021 1862 disertis
1043 1793 1203 1876 verbisil,
1232 1800 1267 1861 ut

112 1899 243 1981 gravius
265 1898 331 1964 iam
353 1896 473 1963 bellum
488 1896 587 1962 fuisse
602 1894 759 1961 videatur.
766 1895 791 1977 7)
826 1894 951 1963 Deinde
967 1895 1059 1964 ‘anno
1075 1896 1197 1963 octavo’
1220 1896 1267 1962 in-

114 2001 185 2081 quit
204 1998 361 2083 Livinsss),
388 1997 567 2082 ‘postquam
589 1997 622 2062 in
644 1996 833 2081 Hispaniam
855 2005 987 2075 venerat
1008 1997 1064 2062 (ln.
1089 1997 1195 2081 Scipio
1218 2005 1268 2065 est

115 2099 315 2167 interfectus!
357 2099 441 2166 Mira
472 2118 550 2165 sane
577 2100 640 2165 ista
668 2099 749 2165 ratio
778 2103 843 2183 est,
871 2100 900 2165 si
927 2098 1058 2164 Gnaeus
1086 2119 1115 2164 a.
1143 2102 1204 2164 536
1232 2100 1267 2166 in

112 2201 303 2286 Hispaniam
325 2201 414 2268 venit
440 2207 472 2268 et
497 2194 639 2267 mortuus
662 2205 711 2266 est
731 2221 760 2267 a.
785 2205 863 2286 542,
892 2220 1025 2282 qnorum
1049 2206 1182 2281 utroque
1204 2207 1265 2268 ter·

112 2302 200 2371 mino
222 2303 346 2371 adiecto
368 2302 452 2369 unde
474 2300 604 2369 andem
626 2302 697 2387 plus
720 2309 844 2387 septem
866 2302 941 2369 anni
963 2301 1166 2369 efficiuntur?
1202 2303 1265 2370 Ne-

113 2424 176 2487 que
193 2406 293 2472 semel
312 2423 477 2471 numerum
492 2404 593 2485 illum,
616 2403 673 2472 sed
689 2404 738 2469 bis
753 2404 840 2489 apud
854 2402 981 2470 Livium
996 2405 1146 2488 legimus,
1168 2406 1266 2489 paulo

112 2506 197 2572 enim
226 2513 300 2590 post
327 2506 363 2573 L.
385 2507 524 2573 Marcius
547 2503 692 2571 ‘invictos
719 2525 778 2589 per
805 2510 877 2571 octo
905 2525 1007 2571 annos
1035 2507 1069 2572 in
1097 2506 1148 2571 his
1174 2508 1267 2572 terris
1339 2510 1342 2516 '

112 2607 239 2676 milites'
262 2608 415 2693 appellat.
428 2607 454 2691 9)
498 2605 640 2673 Tertiam
669 2606 808 2688 denique
836 2604 1060 2673 difficultatem
1088 2608 1124 2672 L.
1154 2608 1267 2673 Marcii

111 2709 282 2796 imperinm
309 2709 403 2776 nimis
431 2709 562 2792 longum
584 2709 732 2794 praebet,
761 2708 851 2775 cuius
876 2708 1002 2775 litterae
1023 2709 1088 2774 iam
1110 2708 1266 2793 principio

112 2811 189 2878 anni
211 2815 273 2876 543
297 2811 330 2879 in
351 2816 466 2878 senatu
487 2811 642 2877 recitatae·
662 2830 733 2878 esse
755 2809 916 2894 dicuntur,
937 2809 1045 2876 ¹nihilo
1068 2810 1170 2876 minus
1192 2816 1267 2894 post

113 2919 242 2997 captam
264 2913 392 2981 demum
414 2913 557 2997 Capuam
580 2931 744 2980 successor
765 2912 907 2978 mittitur.
951 2912 1167 2996 Quamquam,
1194 2931 1266 2977 oum

112 3014 277 3081 Hannibal
304 3015 348 3080 ad
375 3014 487 3081 urbem
514 3031 703 3098 progressus
728 3017 830 3095 esset,
860 3011 979 3078 milites
1001 3012 1060 3078 sub
1082 3011 1211 3078 vexillis
1232 3012 1266 3076 in

110 3116 371 3202 supplementum
393 3116 569 3201 Hispaniae
598 3115 682 3182 mitti
703 3113 836 3182 audivit.
848 3113 889 3196 ¹⁰)
932 3114 1046 3185 Nonne
1070 3114 1178 3199 potins
1199 3114 1265 3181 dux

111 3218 268 3285 militibus
290 3224 359 3285 erat
381 3218 514 3300 dandus,
537 3237 609 3284 enm
622 3217 778 3285 Marcium
799 3221 1039 3301 propraetorem
1061 3236 1133 3284 sese
1155 3217 1265 3303 appel-

111 3320 181 3386 lare
211 3326 341 3387 senatus
368 3321 503 3387 moleste
534 3318 682 3385 tulisset?
731 3319 774 3383 At
808 3314 920 3384 Marcii
955 3318 1072 3385 virtute
1108 3317 1266 3403 Hispania

200 3539 226 3603 1)
248 3536 308 3591 Liv.
327 3541 375 3604 as,
394 3541 435 3590 aa.
512 3540 539 3602 a)
563 3539 609 3602 as,
627 3540 669 3591 su
694 3540 742 3601 ac,
761 3540 785 3589 a.
862 3539 888 3601 a)
911 3538 958 3598 aa,
977 3539 1009 3588 aa
1026 3549 1084 3603 sqq.
1159 3536 1187 3598 4)
1210 3532 1227 3588 l.
1246 3535 1263 3588 1.

113 3625 140 3687 5)
157 3627 201 3690 24,
219 3626 253 3676 48
271 3639 310 3691 sq.
388 3608 416 3686 δ)
431 3621 472 3674 Ib.
494 3624 533 3677 15.
557 3625 587 3675 lo
610 3624 689 3692 μέχρι
711 3614 895 3691 Καρχηδόνιοι
917 3621 968 3687 μὲν
991 3614 1045 3672 ὑπὸ
1068 3612 1194 3687 Σῦφανοε
1217 3619 1267 3672 τοῦ

112 3708 171 3761 τῶν
190 3702 331 3774 Νομάδων
354 3700 488 3758 δυνάστου
510 3703 708 3775 ποδομούμονοι
728 3703 779 3758 τὸν
793 3698 964 3775 Ἀσδρούβαν
986 3707 1032 3754 aul
1052 3707 1131 3773 μέρος
1150 3705 1198 3770 τῆς
1213 3700 1263 3756 ὑπ’

114 3788 190 3859 αὐτῷ
208 3792 338 3863 στρατιᾶς
353 3795 649 3861 μιτοπέμψαντο--
659 3790 773 3858 θέμενοι
791 3785 817 3841 δ’
835 3786 863 3841 οἱ
872 3784 1056 3859 Καρχηδόνιοι
1073 3782 1267 3859 πρὸοΣῦφακα

114 3872 238 3946 εἰρήνην,
264 3865 345 3928 αὖθις
368 3876 520 3944 ἐξέπεμπον
544 3877 570 3927 ds
590 3873 710 3948 Ἰβηρίαν
725 3870 895 3944 Ἀσδρούβαν
916 3869 986 3940 μετὰ
1009 3870 1121 3926 πλέονος
1138 3872 1266 3944 στρατοῦ.

115 3961 140 4024 τ)
157 3960 236 4029 Quod
247 3959 432 4016 Mommsenus
450 3960 484 4015 de
501 3959 662 4015 crudelitate
678 3960 831 4015 Poenorum
848 3957 913 4013 dicit
924 3957 968 4023 (R.
978 3956 1011 4011 G.
1019 3956 1042 4025 1,
1055 3959 1124 4025 627),
1143 3971 1266 4026 sumpse·

26 4090 35 4101 .
114 4043 339 4100 riineeDiodori
350 4044 729 4114 fragmentotib,23Dind„)?
764 4047 790 4110 8)
808 4047 850 4110 25,
860 4047 901 4098 36.
937 4047 964 4109 9)
982 4046 1074 4110 aaa&
1113 4045 1154 4107 ld)
1171 4045 1265 4107 26,st
