2996 4784
247 296 307 358 130
394 344 397 347 .
682 295 822 350 Detlevius
840 293 973 351 Wilsdorl

245 473 330 538 Tum
353 471 472 538 Caesar
492 471 562 554 ipse
584 468 706 552 proelio
728 467 771 532 ad
787 467 923 533 Ilerdam
947 467 1116 532 commisso
1132 464 1265 549 Pompei
1279 465 1408 545 legatis

246 572 377 653 remotis
399 571 581 657 provincias
602 570 749 654 pacavit,
772 569 935 635 civitatem
958 568 1126 635 Gaditanis
1149 567 1290 651 donavit,
1317 586 1406 648 quae

246 680 360 758 postea
389 673 462 759 lege
482 673 566 738 Iulia
594 670 782 737 confirmata
809 676 867 735 cst.
875 668 898 753 1)
944 669 1083 736 Comites
1106 671 1136 734 ei
1159 677 1249 734 erant
1270 675 1407 753 praeter

246 775 384 842 Fabium
406 781 438 841 et
459 776 494 839 P.
511 773 686 857 Sulpicium
710 770 855 855 Rufum)
878 774 1001 856 legatos
1024 776 1056 838 et
1077 772 1133 837 alii
1157 776 1188 837 et
1209 770 1247 849 Q.
1268 771 1405 837 Cassius

247 876 424 960 Longinus,
454 877 508 958 qni
531 898 603 943 oum
625 896 707 942 anno
730 875 859 941 ineunte
881 876 994 939 urbem
1018 873 1228 954 deseruisset,
1252 871 1405 938 tribunus
1477 920 1478 923 ,

245 978 350 1063 plebis
380 997 452 1044 esse
479 999 520 1044 ex
550 980 622 1063 lege
650 976 828 1058 desieram)
870 976 954 1042 Eum
975 975 1094 1042 Caesar
1117 995 1226 1041 mense
1248 977 1318 1040 fere
1342 972 1403 1040 Oe

246 1079 330 1144 tobri
346 1098 387 1145 ex
402 1080 558 1164 Hispania
581 1079 739 1146 decedens
760 1072 945 1161 provinciae
961 1078 1156 1162 praefectum
1171 1076 1301 1158 reliquit
1310 1101 1320 1161 ς,
1344 1074 1404 1142 sed

245 1200 319 1246 cum
334 1202 363 1247 a.
380 1185 442 1247 705
458 1181 633 1248 Galliarum
649 1180 829 1265 proconsul,
852 1183 1024 1260 antequam
1042 1178 1178 1245 dictator
1192 1180 1297 1245 factus
1314 1185 1403 1245 esset

168 1327 173 1331 .
246 1288 280 1344 et
309 1282 419 1346 consul
448 1281 633 1366 designatus
656 1282 792 1348 liberum
817 1280 985 1347 arbitrium
1006 1281 1241 1365 provinciarum
1263 1279 1402 1346 admini-

246 1381 449 1448 strandarum
472 1403 493 1447 a
514 1389 628 1448 senatu
650 1382 828 1467 accepisset
837 1381 879 1464 ⁴),
902 1404 965 1449 non
987 1383 1126 1468 potuerit
1148 1381 1267 1468 Caesar
1289 1400 1401 1466 quem·

246 1503 343 1564 quam
365 1485 433 1549 iure
448 1484 625 1570 Hispaniae
639 1483 822 1570 praeficere,
845 1484 990 1569 proximo
1008 1484 1137 1551 demum
1152 1504 1236 1550 anno
1252 1483 1402 1550 Cassium

246 1585 279 1650 in
301 1587 526 1670 proconsulum
550 1587 663 1653 seriem
686 1587 988 1670 redigendumesse
1008 1586 1123 1652 iudico.

248 1693 318 1755 706.
341 1688 383 1752 M.
397 1688 564 1754 Aemilius
586 1689 727 1772 Lepidus
749 1696 945 1773 propraetor.

343 1788 380 1866 Q.
404 1790 533 1855 Cassius
554 1791 717 1872 Longinus
738 1796 926 1875 propraetor
947 1808 974 1855 e.
998 1811 1026 1856 o.

401 1892 484 1976 App.
502 1892 531 1956 b.
549 1911 574 1957 c.
591 1895 621 1973 2,
639 1895 689 1957 48.
714 1887 895 1979 ἡγεμονίας
916 1916 953 1956 τε
976 1889 1012 1967 ἐς
1035 1888 1076 1954 τὰ
1100 1888 1186 1975 ἔθνη
1210 1894 1401 1971 aequinoc-

400 2016 464 2057 πεν
493 1986 516 2077 ἢ
544 1991 741 2078 ἐνήλλαττεν
779 1989 839 2079 ἐφ’
871 1991 992 2058 ἑαυτοῦ
1029 1993 1236 2074 καταλέγων,
1272 1988 1310 2066 ἒς
1340 1991 1400 2072 μὲν

396 2090 541 2179 Ἰβηρίαν
563 2093 709 2176 Μάρκον
733 2093 903 2179 Λέπιδον.
948 2095 989 2161 cf.
1013 2094 1075 2163 Dio
1101 2098 1152 2178 43,
1178 2098 1204 2160 1.

401 2195 491 2261 Caes.
509 2195 538 2260 b.
555 2215 580 2260 c.
597 2199 626 2277 2,
643 2200 693 2261 21.
716 2196 905 2263 Provinciae
922 2196 961 2274 Q.
977 2195 1122 2266 Cassium
1144 2195 1303 2282 praeficit:
1327 2195 1399 2263 huic
1477 2268 1478 2299 ,

398 2295 444 2361 IV
466 2295 609 2376 legiones
632 2297 783 2364 attribuit.
829 2298 867 2363 of.
890 2296 973 2382 Appss
997 2300 1026 2364 b.
1049 2319 1075 2364 c.
1099 2302 1128 2383 2,
1151 2302 1202 2363 43.

398 2396 468 2465 Lir.
485 2417 535 2480 ep.
554 2403 623 2464 111.
639 2405 769 2483 propter
784 2399 821 2478 Q.
837 2399 940 2465 Cassii
960 2401 1117 2484 praetoris
1139 2399 1310 2465 avaritiam
1332 2419 1398 2465 cru·

400 2498 629 2582 delitatemque
645 2499 868 2567 Cordubenses
882 2501 914 2565 in
927 2501 1085 2585 Hispania
1099 2521 1171 2565 cum
1186 2500 1312 2566 duabus
1322 2503 1397 2567 Var-

399 2599 540 2666 ronianis
562 2602 742 2685 legionibus
761 2603 940 2687 apartibus
955 2601 1102 2669 Caesaris
1117 2602 1330 2691 desciverunt.
1360 2604 1397 2667 ci.

400 2701 492 2767 Caes.
517 2703 545 2768 b.
568 2704 661 2768 Alex.
686 2707 726 2768 48
749 2724 818 2786 sqq.
863 2705 926 2770 Dio
950 2708 1000 2786 42,
1028 2708 1065 2767 15
1088 2723 1135 2785 sq.

330 2782 471 2886 Lepidus
501 2822 529 2867 a.
554 2806 615 2867 705
644 2812 773 2887 praetor
801 2813 870 2870 erat
882 2804 920 2889 ⁵);
952 2825 1027 2889 ergo
1051 2804 1170 2870 Caesar
1195 2807 1300 2890 legem
1323 2805 1397 2871 Cor·
1477 2878 1478 2897 ¹

245 2905 364 2971 neliam
387 2904 579 2989 observavit,
603 2926 674 2973 cum
697 2905 842 2973 Cassium
865 2911 957 2973 extra
971 2906 1114 2974 ordinem
1130 2927 1187 2991 pro
1203 2907 1397 2992 praetorein

245 3006 405 3090 Hispania
425 3007 617 3091 reliquisset,
640 3015 676 3074 ut
697 3028 794 3093 supra
815 3008 879 3073 iam
902 3008 1082 3090 diximusl)
1116 3007 1195 3073 Cum
1215 3009 1282 3074 iam
1303 3008 1337 3073 in
1359 3026 1396 3072 eo

245 3114 340 3189 esset,
363 3114 398 3173 ut
420 3107 549 3175 Cassius
572 3129 613 3175 ex
628 3110 775 3176 Caesaris
796 3112 955 3176 sententia
974 3111 1006 3174 in
1022 3110 1161 3175 Africam
1184 3110 1334 3179 traiceret
1354 3107 1396 3175 ad

244 3208 358 3274 Iubam
387 3229 496 3292 regem
523 3209 784 3295 opprimendum,
812 3210 1027 3295 Hispanorum
1056 3211 1170 3277 seditio
1200 3217 1313 3278 exorta
1339 3215 1394 3278 est.
1477 3272 1478 3277 ,

243 3309 349 3388 Quam
372 3331 444 3376 cum
466 3311 609 3377 exercitu
630 3330 688 3376 suo
709 3311 863 3395 intensoll
878 3312 993 3379 sedare
1009 3334 1073 3379 non
1088 3319 1206 3397 posset,
1228 3312 1395 3398 Bogudem
1477 3344 1478 3349 .

244 3432 287 3477 ex
308 3412 515 3496 Mauritania,
546 3412 705 3497 Lepidum
728 3433 746 3478 e
768 3414 914 3480 citeriore
935 3414 1100 3500 provincia
1126 3414 1301 3481 arcessivit.
1345 3416 1393 3481 In·

244 3513 338 3579 terim
361 3534 461 3580 annus
483 3514 657 3598 praeteriit,
681 3533 875 3599 quamquam
897 3521 1007 3582 auctor
1031 3517 1108 3583 belli
1130 3516 1341 3583 Alexandrini
1361 3513 1394 3581 id

244 3697 272 3752 b.
291 3711 314 3750 c.
335 3701 358 3761 t,
377 3700 408 3750 37
427 3712 485 3765 sqq.
522 3695 576 3751 Cic.
594 3698 652 3751 Att.
670 3701 695 3766 8,
714 3703 738 3766 3,
757 3703 780 3752 7.
862 3705 886 3764 1)
903 3699 974 3767 App.
992 3699 1018 3753 b.
1037 3715 1061 3753 c.
1079 3704 1103 3767 2,
1122 3703 1163 3755 43.
1198 3700 1255 3755 Liv.
1274 3715 1317 3769 ep.
1338 3704 1392 3753 110.
1477 3740 1478 3743 .

243 3781 281 3836 el.
299 3781 335 3834 ad
352 3795 376 3834 a.
396 3785 454 3837 676.
490 3780 544 3836 Cic.
562 3782 640 3836 Balb.
655 3788 695 3847 15,
714 3788 754 3848 34,
774 3783 809 3838 ad
827 3799 851 3838 a.
862 3788 912 3839 548
929 3784 1016 3853 praef.
1035 3800 1062 3853 p.
1073 3789 1114 3839 56,
1185 3789 1211 3852 2)
1229 3786 1306 3840 Caes.
1324 3786 1350 3840 b.
1368 3798 1390 3838 c.

248 3870 270 3930 1,
289 3870 331 3918 74.
410 3870 436 3933 3)
454 3866 493 3921 Ib.
516 3872 538 3932 l,
557 3873 582 3921 5.
660 3871 686 3933 4)
710 3867 751 3922 Cf.
769 3867 863 3937 Lange
880 3869 914 3924 R.
932 3871 965 3923 A.
983 3870 1030 3934 III,
1049 3873 1107 3923 422.
1185 3873 1212 3935 5)
1231 3869 1307 3925 Caes.
1327 3871 1352 3925 b.
1369 3881 1390 3921 c.
1477 3896 1478 3899 ¹

244 3952 269 4016 2,
289 3953 330 4003 21.
416 3954 442 4016 5)
464 3950 581 4006 Errasse
599 3951 814 4007 Wehrmannum
838 3955 871 4008 de
889 3952 975 4009 Cassii
992 3958 1122 4022 praetura
1143 3953 1224 4010 docet
1244 3955 1324 4011 Hblzl
1340 3956 1357 4009 l.
1373 3953 1390 4006 l.
1477 3950 1478 3999 ξ

173 4056 176 4061 ’
243 4050 272 4102 p.
291 4037 323 4088 76
342 4049 382 4102 sq.
470 4040 495 4103 7)
513 4035 554 4090 of.
573 4036 607 4091 de
624 4044 772 4106 quaestura
789 4038 849 4094 eius
866 4055 892 4108 p.
913 4043 970 4092 129.
