2996 4784
430 320 495 376 fasti
512 321 705 390 Hispaniarum
722 324 929 392 provinciarum.
1191 326 1248 387 131

10 482 11 485 ’
99 491 206 557 dicere
229 491 362 576 omittit,
386 493 499 559 certior
521 493 605 559 enim
627 494 691 559 iam
715 497 816 561 factus
839 502 907 560 erat
929 496 1059 563 Cassius
1081 497 1123 564 de
1143 519 1255 583 pugna

100 593 278 677 Pharsalia,
300 595 486 679 priusquam
500 595 657 679 Lepidum
677 596 883 679 arcessieris),
906 614 1010 679 neque
1024 598 1141 680 Lepidi
1156 599 1251 666 inter-

81 695 244 784 cessione
266 694 437 761 concordia
458 695 594 761 militum
614 699 755 781 perlecta
769 706 848 783 erat,
872 718 942 764 cum
958 697 1062 764 Cassii
1077 719 1252 786 successor,

100 797 155 878 qui
176 817 205 862 a.
222 799 284 861 706
307 804 435 881 praetor
450 797 589 862 urbanus
605 796 750 882 fueras),
765 797 912 888 advenit.
943 797 1071 865 Cassius
1086 802 1253 884 provincia

100 897 212 964 relicta
234 918 305 963 cum
327 897 588 984 magnapraeda
609 899 643 963 in
659 900 752 965 Ibero
773 899 903 965 flumine
925 900 1084 983 interiitil
1111 903 1253 987 Legatos

100 1000 129 1066 ei
159 1006 227 1065 erat
256 1000 339 1064 alter
366 998 404 1077 Q.
427 998 557 1066 Cassius
567 1001 611 1082 ⁴),
635 1008 784 1083 quaestor
805 1002 846 1067 M.
869 1002 1054 1087 Marcellus,
1084 1003 1252 1070 seditionis

99 1100 290 1186 princeps⁵)‚
305 1101 449 1166 tribunus
464 1102 610 1168 militaris
626 1104 661 1168 L.
678 1102 821 1186 Titiusssl
849 1102 972 1185 Lepido
989 1102 1107 1169 Caesar
1122 1112 1253 1189 propter

98 1221 149 1268 res
171 1208 238 1266 tum
260 1208 369 1285 gestas
391 1223 419 1267 a.
438 1205 498 1267 707
523 1204 717 1288 triumphum
740 1203 924 1288 concessitl)
946 1205 1168 1286 collegamque
1190 1206 1252 1271 sibi

98 1306 281 1369 consulatus
304 1303 419 1385 recita)

99 1408 158 1469 707
184 1404 329 1490 (⁶708).
352 1403 369 1468 ⁶?
392 1404 428 1483 Q.
452 1405 571 1471 Pedius
947 1427 1070 1490 procos.

393 1505 426 1571 C.
450 1508 628 1574 Trebonius
947 1508 1097 1590 procos).

252 1592 433 1693 0011ῙΗίερ.
451 1612 478 1674 2.
503 1609 624 1687 Quibus
639 1610 735 1675 rebus
751 1607 917 1691 adductus,
941 1628 1022 1692 quos
1037 1611 1161 1693 legatos
1176 1618 1251 1683 ante

253 1709 407 1776 exercitui
429 1714 636 1795 praefecerat,
659 1710 695 1788 Q.
718 1709 852 1775 Pedium
875 1717 907 1777 et
930 1711 966 1790 Q.
989 1711 1127 1776 Fabium
1149 1712 1250 1777 Maxi-

220 1831 338 1887 ⁸mum
368 1810 409 1877 de
437 1832 494 1878 suo
524 1812 664 1878 adventu
693 1814 769 1878 facit
798 1812 948 1878 certiores
979 1815 1034 1890 (sc.
1064 1812 1192 1879 Caesar.
1222 1835 1251 1879 a.

252 1915 313 1976 708
336 1911 414 1997 fin).

252 2014 313 2079 Dio
331 2017 381 2097 43,
399 2017 450 2079 31.
470 2004 573 2079 Ἦσαν
595 2015 657 2095 μὲν
679 2013 742 2098 γὰρ
767 2012 802 2078 ἓν
817 2019 859 2099 τῇ
871 2010 997 2100 Ἰβηρίᾳ
1011 2014 1069 2077 καὶ
1087 2020 1146 2078 τοῦ
1165 2016 1251 2079 Καί-

252 2137 357 2199 σαρος
388 2116 569 2201 στρατηγοὶ
598 2112 743 2193 Κόϊντός
771 2139 808 2180 τε
840 2112 971 2197 Φάβιος
1002 2113 1164 2196 Μάξιμος
1185 2117 1251 2180 ’καὶ

252 2214 398 2293 Κόϊντος
419 2216 564 2294 Πέδιος·
589 2215 626 2282 οὐ
656 2223 774 2298 μέντοι
801 2217 858 2280 καὶ
887 2212 1066 2297 ἀξιόμαχοι
1096 2215 1128 2281 οἱ
1154 2222 1251 2298 νομί·
1279 2228 1284 2240 ’

254 2316 368 2397 Corace
392 2313 480 2384 εἶναι
504 2314 602 2383 αὐτοί
625 2343 661 2384 τε
685 2313 851 2406 ἡσύχαζον
882 2319 939 2384 καὶ
962 2316 1092 2383 ἐκεῖνον
1116 2317 1250 2404 σπουδῇ

250 2424 518 2502 μετεπέμποντο.

251 2521 342 2588 Caes.
367 2522 396 2587 b.
420 2522 513 2586 Alex.
537 2526 588 2586 64.
620 2521 687 2587 Sub
715 2521 801 2587 idem
831 2527 956 2604 tempus
977 2520 1155 2585 Trebonius
1179 2540 1249 2604 pro-

252 2625 361 2690 consul
377 2622 419 2688 ad
434 2623 631 2707 provinciam
649 2622 856 2691 obtinendam
871 2620 967 2686 venit.
998 2621 1036 2685 cf.
1052 2621 1114 2686 Dio
1131 2624 1182 2702 43,
1198 2625 1249 2687 20.

183 2726 377 2791 Trebonium
400 2745 429 2789 a.
447 2729 508 2789 706
531 2730 710 2810 praetorem
730 2725 829 2790 fuisse
851 2720 1113 2806 supradiximus,
1137 2721 1250 2788 eodem
1316 2730 1321 2736 '

96 2849 181 2895 anno
204 2827 242 2905 Q.
265 2827 383 2893 Pedius
411 2832 538 2910 praetor
566 2835 635 2892 erat
645 2827 687 2910 ⁹),
716 2825 757 2892 de
783 2823 1107 2902 craticulatus
1130 2829 1250 2890 certum

97 2929 312 2997 testimonium
340 2927 548 2993 desideratur.
591 2914 690 3008 Atqui
720 2925 898 2992 Trebonius
928 2925 1004 3006 quin
1032 2945 1061 2991 a.
1089 2929 1147 2989 707
1178 2945 1250 3009 pro-

97 3033 235 3098 vinciam
265 3029 447 3096 ulteriorem
475 3029 647 3095 obtinuerit
671 3026 791 3094 nemini
813 3026 945 3092 dubium
968 3030 1016 3090 est
1039 3032 1070 3090 et
1091 3026 1132 3091 M.
1155 3026 1249 3110 Lepi-

97 3132 173 3199 dum
197 3132 311 3200 eodem
333 3152 418 3197 anno
441 3130 655 3215 triumphasse
677 3133 811 3209 constat,
834 3147 939 3193 nonne
961 3127 999 3206 Q.
1014 3126 1149 3193 Pedium
1172 3124 1248 3209 quo-

97 3256 159 3318 que
188 3258 216 3302 a.
242 3238 302 3298 707
333 3231 511 3298 citeriorem
540 3232 738 3317 provinciam
767 3229 943 3296 obtinuisse
973 3248 1088 3312 perse
1110 3229 1250 3294 maxime

96 3338 165 3403 veri
188 3336 292 3401 simile
316 3333 388 3399 est?
422 3335 542 3422 Legem
564 3335 647 3399 enim
664 3332 844 3399 Corneliam
868 3330 996 3414 Caesar,
1019 3335 1171 3411 quantum
1193 3350 1249 3412 po-

95 3446 188 3523 terat,
212 3434 462 3520 observabatum)
499 3433 565 3502 Sed
588 3434 665 3519 quid
679 3433 781 3499 Fabio
800 3431 964 3512 faciamus,
988 3449 1083 3512 quem
1098 3450 1162 3494 una
1178 3450 1250 3496 cum

96 3541 198 3608 Pedio
228 3541 371 3619 legatum
393 3541 447 3604 vel
468 3534 657 3622 στρατηγόν
680 3556 700 3601 a
723 3535 861 3600 Caesare
883 3532 1014 3597 missurn
1037 3550 1108 3597 esse
1130 3529 1249 3614 dicunt,

684 1463 908 1551 propraetores
933 1507 945 1589 (

98 3662 194 3724 quem
216 3639 429 3725 triumphasse
452 3640 550 3704 etiam
579 3636 620 3704 de
642 3636 799 3721 Hispania
824 3633 971 3699 constat?
1015 3633 1096 3698 'l'res
1117 3652 1249 3716 procon-

97 3746 183 3810 sules
206 3743 377 3809 Caesarem
400 3739 525 3806 misisse
547 3737 741 3825 persuadere
758 3735 836 3802 mihi
852 3752 985 3816 nequeo.
1022 3732 1115 3812 Quod
1128 3733 1249 3800 Fabius

100 3848 286 3856 ...—.-—--·-
292 3850 296 3854 ⁴

186 3897 209 3959 1)
226 3893 258 3946 B.
267 3892 345 3946 Alex.
364 3896 406 3945 66.
476 3893 502 3954 2)
521 3889 632 3944 Caesb.
644 3904 666 3942 c.
680 3892 704 3955 3,
714 3891 755 3940 20.
825 3889 850 3951 3)
869 3884 901 3938 B.
910 3885 988 3938 Alex.
1008 3888 1048 3938 64.
1075 3882 1127 3938 Dio
1146 3887 1189 3948 42,
1209 3886 1248 3937 16.

98 3981 124 4042 4)
142 3977 313 4032 emensa.
384 3980 416 4041 sl
428 3975 467 4028 lb.
479 3980 510 4029 ss
526 3991 583 4043 sqq.
652 3964 793 4038 elusa
865 3973 890 4034 r)
907 3969 960 4023 Dio
973 3972 1015 4035 aa,
1031 3972 1054 4021 1.
1125 3967 1249 4033 sanun.

99 4065 123 4127 6,
142 4066 183 4117 23.
253 4064 279 4125 0)
299 4058 376 4114 Caes.
395 4059 421 4113 b.
441 4074 465 4113 c.
484 4062 508 4123 3,
527 4062 569 4113 22.
643 4057 682 4125 lbl
702 4055 741 4109 cf.
760 4053 839 4110 Hdlzl
856 4070 882 4123 p.
903 4057 943 4108 83.
963 4057 1003 4108 85.

1007 4155 1045 4208 9*
