2996 4784
211 310 213 323 “
234 305 274 366 86
668 301 806 357 Detlcvius
824 300 958 355 Wilsdorf
1066 294 1069 299 ’

234 479 424 543 sos-569.
448 477 484 541 L.
508 474 672 553 Quinctius
700 472 864 557 Crispinus

452 578 487 643 0.
511 573 701 657 Calpurnius
723 574 799 640 Piso

387 679 456 744 Liv'.
480 681 531 761 39,
555 681 583 741 8.
606 683 772 761 praetores
794 675 976 760 provincias
998 675 1102 741 sortiti
1127 679 1200 739 sunt
1223 710 1264 718 —-
1289 710 1327 718 -
1356 675 1404 739 L.

386 779 552 858 Quinctius
575 778 740 862 Crispinus
762 778 950 863 Hispaniam
974 775 1166 857 citeriorem,
1196 774 1231 840 C.
1255 775 1403 861 Calpur-

386 881 458 945 nius
480 879 555 944 Piso
578 879 767 963 Hispaniam
792 879 984 945 ulteriorem.

319 985 504 1064 Praetores,
533 1002 605 1047 cum
627 986 694 1057 tam
716 979 800 1046 tardi
820 979 853 1044 in
877 979 1066 1063 Hispaniam
1092 978 1331 1063 pervenissent,
1363 1001 1403 1045 a.

235 1088 297 1150 568
319 1084 409 1149 nulla
430 1103 465 1148 re
487 1089 578 1165 gesta
600 1083 718 1149 milites
736 1083 771 1147 in
786 1081 921 1147 hiberna
936 1080 1052 1146 ducere
1067 1078 1285 1164 oportebat1);
1312 1080 1402 1162 quid

233 1187 379 1269 proximo
402 1204 485 1249 anno
508 1184 658 1267 fecerint,
689 1184 800 1249 Livius
821 1183 908 1249 solus
931 1189 1047 1248 narrat.
1093 1183 1142 1247 De
1164 1181 1261 1247 rebus
1284 1183 1327 1247 ab
1350 1182 1400 1247 iis

217 1287 334 1373 'gestis
362 1286 463 1369 legati
491 1284 527 1347 T.
558 1284 724 1361 Quinctius
747 1286 850 1350 Varus
879 1291 911 1349 et
938 1285 974 1348 Ι..
996 1284 1161 1349 Iuventius
1186 1282 1316 1348 Thalna
1343 1285 1399 1349 in-

234 1393 328 1468 eunte
356 1406 386 1450 a.
418 1389 479 1450 570
508 1388 633 1453 senatui
661 1386 816 1467 referunt,
846 1407 865 1451 a
895 1404 958 1466 quo
987 1385 1234 1470 supplicationes
1264 1383 1328 1449 diis
1360 1391 1399 1450 et

234 1489 412 1573 triumphus
433 1487 513 1570 ipsis
536 1489 666 1554 decreta
687 1487 800 1570 sunta)
834 1488 941 1568 Atque
959 1507 1029 1552 cum
1045 1492 1205 1552 certamen
1222 1487 1268 1551 eis
1284 1492 1397 1552 ortum

235 1596 321 1656 esset
335 1609 406 1655 cum
422 1589 514 1655 novis
529 1590 731 1674 praetoribus
747 1590 788 1655 de
804 1588 1012 1673 deportandis
1028 1588 1206 1672 legionibus
1225 1594 1258 1654 et
1272 1588 1394 1653 utrius-

235 1712 297 1773 que
319 1691 420 1775 partis
442 1691 568 1774 patroni
591 1695 697 1755 essent
719 1690 838 1755 tribuni
863 1690 983 1773 plebis,
1016 1695 1145 1755 senatus
1174 1696 1207 1754 et
1227 1689 1395 1755 veteribus

173 1826 182 1833 -
234 1799 266 1858 et
288 1793 380 1859 novis
402 1791 602 1873 praetoribus
625 1791 828 1871 aliquatenus
851 1789 1047 1874 satisfecits)
1084 1790 1249 1874 Crispinus
1265 1795 1298 1855 et
1312 1792 1391 1857 Piso

234 1892 468 1977 triumpharunt
477 1890 503 1973 4)
535 1897 565 1956 et
593 1891 650 1956 ille
679 1913 708 1957 a.
733 1895 790 1955 571
824 1893 966 1958 colonias
995 1893 1149 1959 Mutinam
1177 1897 1209 1958 et
1237 1893 1392 1958 Parmam

234 1993 370 2060 deduxit
380 1997 414 2076 5),
438 1992 512 2058 Piso
535 1999 570 2058 a.
589 1996 651 2056 574
674 1994 784 2060 consul
806 2000 948 2061 mortuus
971 1993 1060 2075 estll)

236 2134 427 2194 sto-571.
455 2129 493 2193 A.
517 2128 685 2193 Terentius
707 2129 807 2195 Varro
1073 2094 1293 2178 (mmmm
1295 2095 1310 2180 )

454 2230 488 2293 Ρ.
516 2226 722 2311 Sempronius
747 2229 876 2314 Longus
936 2201 1051 2280 praest·
1073 2193 1230 2278 (5²⁷⁰00033·
1232 2194 1245 2279 )

924 527 1038 609 praett.

388 2330 458 2396 Liv.
483 2333 532 2411 39,
552 2333 601 2394 38.
625 2337 845 2414 praetores
881 2332 1041 2396 sortiti
1063 2337 1187 2396 sunt-
1210 2330 1304 2396 -A.
1327 2333 1389 2397 Te·

387 2430 508 2497 rentius
540 2428 640 2496 Varro
668 2431 856 2515 Hispaniam
887 2431 1079 2516 citeriorem,
1116 2433 1151 2497 P.
1181 2431 1389 2515 Sempronius

389 2533 518 2615 Longus
541 2533 730 2617 Hispaniam
752 2533 945 2601 ulteriorem.

320 2635 380 2700 His
400 2628 479 2699 ¹viris
501 2634 669 2719 imperium
686 2638 891 2718 prorogatum
910 2653 980 2699 esse
994 2635 1027 2699 in
1041 2635 1234 2699 annum'5ll
1253 2640 1390 2702 testatur

236 2736 347 2801 Livius
359 2733 393 2819 7),
415 2734 471 2799 ubi
493 2733 531 2797 A.
555 2735 739 2799 Terentium
761 2755 833 2800 cum
856 2733 1023 2800 Celtiberis
1047 2754 1216 2819 pugnasse,
1238 2738 1275 2802 Ρ.
1299 2738 1389 2805 Sem-

236 2836 384 2920 pronium
405 2834 524 2899 diutius
546 2835 658 2900 morbo
680 2835 868 2919 implicitum
891 2854 962 2901 esse
976 2844 1092 2903 narrat.
1129 2839 1164 2902 P.
1181 2838 1389 2921 Sempronius

236 2940 365 3017 Longus
386 2956 416 3000 a.
433 2939 490 2998 571
516 2935 628 3002 morbo
650 2937 839 3022 absumptus
862 2943 920 3018 est,
944 2955 1042 3017 quare
1064 2946 1193 3003 senatus
1215 2958 1318 3019 aeque
1342 2946 1391 3005 at-

236 3059 299 3120 que
327 3060 355 3104 a.
388 3040 448 3101 568
479 3037 512 3102 Ο.
541 3037 710 3124 Calpurnio
740 3038 865 3121 Pisoni,
894 3059 935 3104 ne
964 3038 1128 3122 provincia
1155 3039 1224 3104 sine
1253 3041 1389 3124 imperio

237 3144 331 3219 esset,
350 3138 442 3203 novis
457 3139 658 3222 praetoribus
673 3145 708 3204 ut
723 3144 918 3204 maturarent
932 3140 1160 3223 profectionem
1175 3140 1388 3226 imperavitl)

224 3242 274 3309 A.
298 3240 447 3306 Terentio
470 3239 605 3304 Varroni
627 3240 735 3305 ovatio
761 3239 934 3324 contigno)

236 3345 425 3407 572-573.
455 3341 493 3420 Q.
516 3341 649 3406 Fulvius
671 3334 806 3407 Flaccus
1012 3340 1170 3426 (procos.)

453 3443 488 3506 r.
510 3442 647 3507 nautius
669 3444 709 3508 Π.
872 3397 986 3476 praest·

387 3543 458 3609 Liv.
483 3547 538 3624 lo,
565 3549 591 3608 1.
619 3544 780 3629 Principio
810 3544 1007 3625 insequentis
1029 3545 1106 3610 anni
1127 3547 1273 3612 consules
1295 3567 1387 3632 prae-

389 3652 538 3723 toresque
567 3645 669 3711 sortiti
698 3646 879 3730 provincias
901 3649 983 3711 sunt.
1011 3646 1244 3711 —evenit—
1271 3648 1388 3734 Hispa·

237 3783 441 3792 ...-—--—-—

323 3864 346 3925 1)
365 3859 423 3913 Liv.
436 3864 477 3926 39,
490 3865 530 3915 21.
600 3869 626 3930 2)
645 3868 687 3930 39,
707 3869 747 3919 30.
768 3866 808 3916 31.
827 3862 869 3916 De
886 3860 981 3929 legatis
1000 3861 1034 3915 cf.
1048 3861 1206 3929 Mommsen,
1225 3864 1340 3921 Staatsr.
1353 3866 1387 3933 11,

237 3953 259 4013 1,
277 3947 367 4014 porc
386 3944 484 4029 aona
554 3948 761 4014 9199938.
830 3949 968 4011 osam.
1039 3951 1175 4013 93995.
1245 3953 1384 4016 orrum

236 4033 382 4096 93956.
470 4034 596 4098 arran.
684 4035 769 4097 949
790 4034 829 4084 ro.
