2996 4784
254 301 294 365 80
681 308 821 366 Detlevius
838 309 974 381 Wilsdorf

251 479 378 546 Livium
400 442 578 564 1531111151)
604 481 759 547 Lentulus
781 482 892 549 consul
914 482 1127 548 1551155515.
1146 485 1252 567 5551)
1266 485 1310 556 L.
1329 487 1424 552 Man-

251 581 329 664 lius,
358 603 429 649 cum
459 602 489 649 a.
514 587 575 646 555
603 582 722 650 rediret
749 590 782 650 et
808 584 873 649 iam
901 585 1053 670 triumphi
1074 586 1229 652 honorem
1254 605 1277 650 a
1302 596 1422 655 senatu

251 682 469 770 impetrasset,
502 685 543 749 M.
574 685 705 751 Porcius
735 686 841 751 Laeca
873 685 1016 752 tribunus
1049 687 1154 770 plebis
1184 687 1421 775 intercessus)
1479 710 1480 713 ’

251 786 396 854 Alterum
411 770 581 852 Acidinum
604 786 727 870 aliquot
747 787 839 853 annis
860 794 935 871 post
956 788 988 852 in
1011 788 1158 856 citeriore
1176 790 1357 873 provincia
1372 795 1419 859 in·

250 907 423 954 veniemus.
1403 949 1408 954 .

251 993 322 1063 554.
353 987 387 1054 O.
410 989 575 1057 Cornelius
598 990 759 1074 Cethegus
781 999 905 1074 pr'ooos.
928 990 967 1055 H.
991 990 1043 1057 cit.
1066 1012 1107 1057 ex
1128 993 1318 1077 plebiscito.

402 1091 471 1159 Liv.
494 1095 544 1175 31,
568 1095 618 1157 49.
654 1091 779 1158 Eodem
801 1111 885 1158 anno
908 1090 941 1158 0.
966 1092 1131 1160 Cornelius
1154 1094 1338 1181 Cethegus,
1363 1100 1419 1181 qui

402 1195 572 1278 proconsul
594 1194 784 1279 Hispaniam
808 1193 989 1276 obtinebat,
1012 1213 1163 1279 magnum
1185 1196 1336 1265 hostium
1361 1222 1416 1268 ex-

403 1295 535 1361 ercitum
557 1297 590 1362 in
612 1316 690 1381 agro
713 1296 874 1363 Sedetano
901 1295 993 1362 fudit.

333 1397 384 1463 De
413 1398 599 1482 plebiscito,
630 1418 692 1480 quo
714 1400 850 1466 Lentulo
879 1418 1044 1465 successor
1074 1399 1188 1465 missus
1211 1406 1279 1482 est,
1313 1423 1415 1488 supra

245 1497 396 1565 diximus.
441 1500 478 1564 In
500 1521 529 1566 5.
553 1506 615 1565 555
637 1499 753 1567 aedilis
775 1501 893 1567 curulis
922 1506 1047 1566 creatus
1069 1501 1164 1566 simul
1186 1521 1262 1567 cum
1286 1504 1414 1571 Manlio

246 1598 383 1668 Acidino
405 1601 574 1685 plebiscito
590 1601 750 1684 Cethegus
772 1607 941 1670 revocatus
963 1605 1051 1679 5514)
1080 1602 1131 1666 le
1146 1600 1320 1672 aedilitate
1336 1626 1411 1672 con-

246 1702 385 1768 sulatum
407 1709 519 1770 nactus
542 1710 591 1769 est
612 1724 640 1769 a.
665 1709 742 1787 555,
770 1705 855 1785 qnod
877 1712 944 1770 tum
968 1692 1148 1769 1151111515
1170 1703 1305 1771 videtur
1328 1707 1411 1774 acci-

247 1800 378 1887 (115555)

247 1909 437 1973 555-556.
467 1907 523 1974 On.
547 1907 712 1974 Cornelius
738 1907 845 1974 Blasio

466 2010 502 2075 L.
526 2007 696 2076 Stertinius

397 2112 468 2177 Liv.
493 2115 543 2196 31,
567 2118 617 2177 50.
642 2116 673 2176 51
703 2111 743 2177 de
766 2113 866 2177 altero
889 2111 995 2177 aedile
1017 2113 1130 2178 scitum
1153 2113 1242 2196 plebi
1267 2121 1320 2180 est
1342 2116 1406 2181 fac

398 2219 473 2278 tum.
523 2212 709 2296 rogantibus
742 2212 892 2295 tribunis,
927 2231 1007 2293 quos
1039 2212 1120 2279 duos
1147 2213 1180 2277 in
1208 2215 1408 2301 Hispaniam

399 2334 470 2380 cum
500 2313 634 2397 imperio
663 2312 706 2378 ad
735 2314 893 2379 exercitus
913 2313 960 2379 ire
982 2313 1146 2396 iuberent,
1175 2321 1210 2379 nt
1232 2315 1406 2384 Cornelius

917 1978 1055 2044 procoss.
1079 1980 1120 2026 ex
1141 1959 1328 2044 plebiscito.

397 2415 513 2488 aedilis
542 2415 660 2482 curulis
688 2414 732 2482 ad
762 2415 982 2498 magistratum
1011 2413 1185 2498 gerendum
1213 2417 1344 2486 veniret
1375 2423 1406 2485 et

396 2518 434 2583 L.
464 2518 603 2584 Manlius
632 2517 787 2584 Acidinus
816 2516 987 2584 decederet
1015 2517 1056 2583 de
1088 2516 1253 2603 provincia
1283 2522 1404 2588 multos

396 2627 602 2705 portumnus,
625 2621 737 2704 plebes
760 2620 816 2686 On.
840 2618 987 2686 Cornelio
1010 2615 1170 2704 [Lentulo]
1197 2625 1228 2685 et
1251 2621 1289 2687 L.
1315 2621 1402 2688 Ster-

397 2720 475 2787 tinio
503 2722 745 2805 proconsulibus
773 2721 940 2804 imperium
966 2739 1037 2787 esse
1058 2719 1092 2784 in
1114 2719 1276 2804 Hispania
1298 2723 1400 2790 iussit.

329 2824 379 2889 Dc
400 2824 516 2908 prioris
536 2825 664 2890 nomine
688 2823 798 2892 Livius
819 2823 889 2906 ipse
914 2822 976 2889 sibi
1005 2822 1208 2889 contradicit:
1236 2845 1315 2891 nam
1347 2823 1400 2907 qui

242 2923 303 2991 hoc
331 2924 402 2993 loco
430 2926 585 2993 Lentulus
615 2933 762 3009 vocatur,
796 2925 883 3017 idem
915 2924 970 2990 ubi
1000 2922 1040 2990 de
1068 2924 1173 2991 reditu
1202 2928 1324 2994 mentio
1353 2924 1398 3005 fit,

122 3013 134 3033 ‘
241 3025 351 3093 Blasio
380 3028 600 3112 appellaturi)
644 3027 710 3095 Sed
739 3049 810 3094 oum
842 3029 875 3092 in
903 3028 995 3094 fastis
1017 3027 1265 3112 triumphalibus
1288 3028 1398 3092 Blasio

241 3126 377 3211 legatur,
401 3146 595 3214 quamquam
616 3128 670 3195 hic
692 3131 820 3211 quidem
844 3135 995 3211 quaestor
1012 3128 1136 3212 dicitur,
1159 3128 1247 3223 haud
1262 3130 1396 3196 dubium

242 3233 306 3313 551,
330 3229 406 3310 quin
427 3230 533 3314 priore
554 3231 626 3297 loco
649 3235 705 3297 ant
725 3232 795 3317 ipse
817 3230 927 3298 Livius
950 3251 1056 3299 errore
1078 3229 1218 3315 quodam
1242 3230 1396 3314 deceptus

188 3320 189 3323 '
241 3337 296 3397 511
318 3331 528 3415 interpolator
549 3334 677 3400 Lentuli
698 3353 814 3400 nomen
836 3333 999 3401 adiecerit.
1041 3331 1191 3402 Contudit
1213 3353 1288 3398 cum
1311 3336 1394 3398 certe

241 3452 312 3499 cum
342 3453 397 3520 eo,
427 3436 482 3520 qui
513 3435 658 3502 tribunus
686 3435 792 3522 plebis
820 3434 1082 3520 5151553111),
1112 3438 1263 3516 quaestor
1287 3430 1392 3512 542⁸),

241 3538 352 3602 consul
374 3537 480 3622 551⁹),
503 3558 574 3604 oum
596 3537 705 3605 Blasio
720 3538 776 3605 ille
791 3560 820 3605 5.
837 3537 965 3604 demum
980 3541 1043 3623 560
1058 3542 1241 3625 praeturam
1256 3536 1392 3617 adeptus
1479 3602 1480 3625 ¹

240 3636 339 3723 sit.¹⁰)
373 3638 520 3707 Cornelio
543 3644 575 3706 et
597 3639 747 3707 Stertinio
769 3645 975 3724 prorogatum
998 3657 1069 3705 5555
1090 3637 1259 3723 imperium
1283 3635 1391 3702 Livius

328 3892 352 3955 1)
369 3890 427 3945 niv.
446 3896 487 3958 ar,
506 3896 547 3946 11.
616 3896 642 3958 1)
666 3896 707 3956 51,
726 3897 766 3946 rc.
836 3897 862 3958 5)
881 3896 922 3962 51,
936 3897 959 3946 1.
1030 3894 1056 3956 r)
1074 3893 1115 3955 31,
1133 3892 1175 3944 ac.
1246 3885 1387 3953 55111.

240 3974 274 4030 cf.
294 3981 337 4042 51,
357 3981 381 4030 r.
459 3981 485 4043 5)
512 3983 558 4047 55,
578 3982 618 4032 11.
645 3978 682 4032 cf.
701 3975 729 4029 c.
749 3976 769 4030 1.
789 3977 819 4029 n.
837 3976 862 4043 1,
884 3977 902 4032 1.
920 3979 955 4031 tr.
974 3991 998 4030 a.
1017 3977 1075 4029 555.
1154 3968 1388 4039 11151145.

240 4065 266 4127 5)
284 4064 325 4128 15,
345 4065 385 4116 11.
455 4067 482 4130 5)
501 4067 541 4130 ao,
560 4068 601 4117 ro.
674 4066 715 4130 11)
733 4066 774 4129 ar,
793 4065 833 4116 41.
