<?xml version="1.0" encoding="UTF-8"?>
<!DOCTYPE html PUBLIC "-//W3C//DTD XHTML 1.0 Transitional//EN"
    "http://www.w3.org/TR/xhtml1/DTD/xhtml1-transitional.dtd">
<html xmlns="http://www.w3.org/1999/xhtml" xml:lang="en" lang="en">
 <head>
  <title>
</title>
<meta http-equiv="Content-Type" content="text/html;charset=utf-8" />
  <meta name='ocr-system' content='tesseract 3.04.00' />
  <meta name='ocr-capabilities' content='ocr_page ocr_carea ocr_par ocr_line ocrx_word'/>
</head>
<body>
  <div class='ocr_page' id='page_1' title='image "./fastihispaniaru00wilsgoog_0051.png"; bbox 0 0 2996 4784; ppageno 0'>
   <div class='ocr_carea' id='block_1_1' title="bbox 184 285 966 351">
    <p class='ocr_par' dir='ltr' id='par_1_1' title="bbox 184 285 966 351">
     <span class='ocr_line' id='line_1_1' title="bbox 184 285 966 351; baseline -0.01 -1"><span class='ocrx_word' id='word_1_1' title='bbox 184 330 188 338; x_wconf 80' lang='lat'><strong>.</strong></span> <span class='ocrx_word' id='word_1_2' title='bbox 243 287 305 351; x_wconf 75' lang='grc'>162</span> <span class='ocrx_word' id='word_1_3' title='bbox 677 285 815 345; x_wconf 82' lang='lat' dir='ltr'>Detlevius</span> <span class='ocrx_word' id='word_1_4' title='bbox 833 287 966 343; x_wconf 83' lang='lat' dir='ltr'>Wilsdorf</span> 
     </span>
    </p>
   </div>
   <div class='ocr_carea' id='block_1_2' title="bbox 241 456 1407 1255">
    <p class='ocr_par' dir='ltr' id='par_1_2' title="bbox 241 456 1407 1255">
     <span class='ocr_line' id='line_1_2' title="bbox 241 456 1405 553; baseline 0.002 -26"><span class='ocrx_word' id='word_1_5' title='bbox 241 460 424 537; x_wconf 79' lang='lat' dir='ltr'>crediturus</span> <span class='ocrx_word' id='word_1_6' title='bbox 441 461 491 533; x_wconf 81' lang='lat' dir='ltr'>sit.</span> <span class='ocrx_word' id='word_1_7' title='bbox 529 456 672 525; x_wconf 84' lang='lat' dir='ltr'>Offendit</span> <span class='ocrx_word' id='word_1_8' title='bbox 693 462 812 553; x_wconf 78' lang='lat' dir='ltr'>tamen,</span> <span class='ocrx_word' id='word_1_9' title='bbox 833 458 920 539; x_wconf 83' lang='lat' dir='ltr'>quod</span> <span class='ocrx_word' id='word_1_10' title='bbox 941 458 1055 526; x_wconf 88' lang='lat' dir='ltr'>eodem</span> <span class='ocrx_word' id='word_1_11' title='bbox 1070 460 1141 527; x_wconf 92' lang='lat' dir='ltr'>loco</span> <span class='ocrx_word' id='word_1_12' title='bbox 1155 460 1273 541; x_wconf 78' lang='lat' dir='ltr'>legitur</span> <span class='ocrx_word' id='word_1_13' title='bbox 1288 460 1405 548; x_wconf 75' lang='grc' dir='ltr'><em>ἑτέρῳ</em></span> 
     </span>
     <span class='ocr_line' id='line_1_3' title="bbox 244 555 1406 648; baseline 0.003 -20"><span class='ocrx_word' id='word_1_14' title='bbox 244 567 418 648; x_wconf 76' lang='grc' dir='ltr'><em>στρατηγῷ</em></span> <span class='ocrx_word' id='word_1_15' title='bbox 431 555 599 643; x_wconf 79' lang='grc' dir='ltr'><strong><em>Ῥωμαίων</em></strong></span> <span class='ocrx_word' id='word_1_16' title='bbox 611 563 757 642; x_wconf 76' lang='grc' dir='ltr'>Κοιντίῳ</span> <span class='ocrx_word' id='word_1_17' title='bbox 774 560 1008 638; x_wconf 75' lang='grc' dir='ltr'><em>συνεπλέκετο,</em></span> <span class='ocrx_word' id='word_1_18' title='bbox 1026 560 1142 641; x_wconf 88' lang='lat' dir='ltr'>quibus</span> <span class='ocrx_word' id='word_1_19' title='bbox 1153 562 1265 629; x_wconf 77' lang='lat' dir='ltr'>verbis</span> <span class='ocrx_word' id='word_1_20' title='bbox 1272 570 1406 648; x_wconf 74' lang='lat' dir='ltr'>auctor,</span> 
     </span>
     <span class='ocr_line' id='line_1_4' title="bbox 243 659 1406 750; baseline 0.004 -20"><span class='ocrx_word' id='word_1_21' title='bbox 243 671 414 750; x_wconf 79' lang='lat' dir='ltr'><strong>postquam</strong></span> <span class='ocrx_word' id='word_1_22' title='bbox 431 661 477 730; x_wconf 88' lang='lat' dir='ltr'>de</span> <span class='ocrx_word' id='word_1_23' title='bbox 499 662 601 729; x_wconf 86' lang='lat' dir='ltr'>altera</span> <span class='ocrx_word' id='word_1_24' title='bbox 621 659 788 744; x_wconf 86' lang='lat' dir='ltr'>provincie</span> <span class='ocrx_word' id='word_1_25' title='bbox 808 660 1001 735; x_wconf 88' lang='lat' dir='ltr'>mentionem</span> <span class='ocrx_word' id='word_1_26' title='bbox 1023 661 1226 747; x_wconf 84' lang='lat' dir='ltr'>interposuit,</span> <span class='ocrx_word' id='word_1_27' title='bbox 1248 663 1292 735; x_wconf 85' lang='lat' dir='ltr'>ad</span> <span class='ocrx_word' id='word_1_28' title='bbox 1312 664 1406 740; x_wconf 84' lang='lat' dir='ltr'>illud</span> 
     </span>
     <span class='ocr_line' id='line_1_5' title="bbox 245 758 1403 847; baseline 0.005 -19"><span class='ocrx_word' id='word_1_29' title='bbox 245 764 486 846; x_wconf 72' lang='grc' dir='ltr'><em>διαδεξαμένου</em></span> <span class='ocrx_word' id='word_1_30' title='bbox 507 762 568 847; x_wconf 79' lang='grc' dir='ltr'>τὴν</span> <span class='ocrx_word' id='word_1_31' title='bbox 591 758 695 846; x_wconf 76' lang='grc' dir='ltr'><strong><em>ἀρχὴν</em></strong></span> <span class='ocrx_word' id='word_1_32' title='bbox 719 765 877 827; x_wconf 79' lang='grc' dir='ltr'><strong><em>Κοιντίου</em></strong></span> <span class='ocrx_word' id='word_1_33' title='bbox 908 763 1093 847; x_wconf 63' lang='lat' dir='ltr'>ravantum</span> <span class='ocrx_word' id='word_1_34' title='bbox 1121 764 1231 845; x_wconf 80' lang='lat' dir='ltr'>itaque</span> <span class='ocrx_word' id='word_1_35' title='bbox 1259 766 1403 834; x_wconf 77' lang='lat' dir='ltr'>articulo</span> 
     </span>
     <span class='ocr_line' id='line_1_6' title="bbox 241 864 1407 952; baseline 0.005 -19"><span class='ocrx_word' id='word_1_36' title='bbox 241 873 290 952; x_wconf 74' lang='grc' dir='ltr'>τῷ</span> <span class='ocrx_word' id='word_1_37' title='bbox 311 873 388 943; x_wconf 81' lang='lat' dir='ltr'>aute</span> <span class='ocrx_word' id='word_1_38' title='bbox 402 865 507 949; x_wconf 73' lang='grc' dir='ltr'><em>ἑτέρῳ</em></span> <span class='ocrx_word' id='word_1_39' title='bbox 530 864 586 931; x_wconf 85' lang='lat' dir='ltr'>vix</span> <span class='ocrx_word' id='word_1_40' title='bbox 606 882 775 947; x_wconf 82' lang='lat' dir='ltr'>possumus</span> <span class='ocrx_word' id='word_1_41' title='bbox 797 883 916 935; x_wconf 89' lang='lat' dir='ltr'>carere.</span> <span class='ocrx_word' id='word_1_42' title='bbox 949 865 1078 941; x_wconf 74' lang='lat' dir='ltr'>Maelio</span> <span class='ocrx_word' id='word_1_43' title='bbox 1102 883 1186 946; x_wconf 80' lang='lat' dir='ltr'>qnae</span> <span class='ocrx_word' id='word_1_44' title='bbox 1207 866 1407 937; x_wconf 74' lang='lat' dir='ltr'>immicitiaa</span> 
     </span>
     <span class='ocr_line' id='line_1_7' title="bbox 243 964 1403 1053; baseline 0 -18"><span class='ocrx_word' id='word_1_45' title='bbox 243 988 316 1035; x_wconf 91' lang='lat' dir='ltr'>cnm</span> <span class='ocrx_word' id='word_1_46' title='bbox 344 984 527 1035; x_wconf 87' lang='lat' dir='ltr'>successore</span> <span class='ocrx_word' id='word_1_47' title='bbox 548 964 680 1047; x_wconf 79' lang='lat' dir='ltr'>fuerim,</span> <span class='ocrx_word' id='word_1_48' title='bbox 708 983 775 1033; x_wconf 89' lang='lat' dir='ltr'>nou</span> <span class='ocrx_word' id='word_1_49' title='bbox 796 970 845 1033; x_wconf 83' lang='lat' dir='ltr'>est</span> <span class='ocrx_word' id='word_1_50' title='bbox 866 964 952 1048; x_wconf 82' lang='lat' dir='ltr'>quod</span> <span class='ocrx_word' id='word_1_51' title='bbox 973 965 1117 1050; x_wconf 87' lang='lat' dir='ltr'>pluribus</span> <span class='ocrx_word' id='word_1_52' title='bbox 1140 987 1339 1052; x_wconf 78' lang='lat' dir='ltr'><strong>exponamus</strong></span> <span class='ocrx_word' id='word_1_53' title='bbox 1351 968 1403 1053; x_wconf 77' lang='lat'>1);</span> 
     </span>
     <span class='ocr_line' id='line_1_8' title="bbox 241 1065 1403 1155; baseline -0.002 -19"><span class='ocrx_word' id='word_1_54' title='bbox 241 1074 446 1155; x_wconf 83' lang='lat' dir='ltr'>prorogatum</span> <span class='ocrx_word' id='word_1_55' title='bbox 475 1065 505 1133; x_wconf 90' lang='lat' dir='ltr'>ei</span> <span class='ocrx_word' id='word_1_56' title='bbox 527 1085 598 1133; x_wconf 85' lang='lat' dir='ltr'>esse</span> <span class='ocrx_word' id='word_1_57' title='bbox 620 1065 788 1149; x_wconf 89' lang='lat' dir='ltr'>imperium</span> <span class='ocrx_word' id='word_1_58' title='bbox 811 1071 843 1131; x_wconf 91' lang='lat' dir='ltr'>et</span> <span class='ocrx_word' id='word_1_59' title='bbox 865 1085 906 1130; x_wconf 86' lang='lat' dir='ltr'>ex</span> <span class='ocrx_word' id='word_1_60' title='bbox 928 1085 984 1150; x_wconf 86' lang='lat' dir='ltr'>ec,</span> <span class='ocrx_word' id='word_1_61' title='bbox 1014 1067 1100 1148; x_wconf 92' lang='lat' dir='ltr'>quod</span> <span class='ocrx_word' id='word_1_62' title='bbox 1123 1069 1293 1151; x_wconf 87' lang='lat' dir='ltr'>proconsul</span> <span class='ocrx_word' id='word_1_63' title='bbox 1316 1067 1403 1145; x_wconf 81' lang='lat' dir='ltr'>dici-</span> 
     </span>
     <span class='ocr_line' id='line_1_9' title="bbox 244 1166 1307 1255; baseline 0 -19"><span class='ocrx_word' id='word_1_64' title='bbox 244 1173 333 1252; x_wconf 64' lang='lat' dir='ltr'>turp,</span> <span class='ocrx_word' id='word_1_65' title='bbox 359 1174 391 1234; x_wconf 88' lang='lat' dir='ltr'>et</span> <span class='ocrx_word' id='word_1_66' title='bbox 413 1188 454 1234; x_wconf 86' lang='lat' dir='ltr'>cx</span> <span class='ocrx_word' id='word_1_67' title='bbox 476 1173 544 1234; x_wconf 88' lang='lat' dir='ltr'>tota</span> <span class='ocrx_word' id='word_1_68' title='bbox 565 1167 652 1233; x_wconf 89' lang='lat' dir='ltr'>illius</span> <span class='ocrx_word' id='word_1_69' title='bbox 675 1167 827 1251; x_wconf 89' lang='lat' dir='ltr'>temporis</span> <span class='ocrx_word' id='word_1_70' title='bbox 848 1167 972 1239; x_wconf 79' lang='lat' dir='ltr'>ratione</span> <span class='ocrx_word' id='word_1_71' title='bbox 993 1166 1088 1237; x_wconf 85' lang='lat' dir='ltr'>facile</span> <span class='ocrx_word' id='word_1_72' title='bbox 1108 1171 1307 1255; x_wconf 77' lang='lat' dir='ltr'>perspicitur.</span> 
     </span>
    </p>
   </div>
   <div class='ocr_carea' id='block_1_3' title="bbox 243 1316 1255 1397">
    <p class='ocr_par' dir='ltr' id='par_1_3' title="bbox 243 1316 1255 1397">
     <span class='ocr_line' id='line_1_10' title="bbox 243 1316 1255 1397; baseline -0.001 -11"><span class='ocrx_word' id='word_1_73' title='bbox 243 1323 422 1387; x_wconf 77' lang='lat' dir='ltr'>ott-613.</span> <span class='ocrx_word' id='word_1_74' title='bbox 445 1319 482 1397; x_wconf 98' lang='lat' dir='ltr'><strong>Q.</strong></span> <span class='ocrx_word' id='word_1_75' title='bbox 505 1317 625 1384; x_wconf 81' lang='lat' dir='ltr'>Fabius</span> <span class='ocrx_word' id='word_1_76' title='bbox 647 1316 805 1383; x_wconf 80' lang='lat' dir='ltr'>Maximus</span> <span class='ocrx_word' id='word_1_77' title='bbox 826 1317 1024 1385; x_wconf 85' lang='lat' dir='ltr'>Servilianus</span> <span class='ocrx_word' id='word_1_78' title='bbox 1051 1338 1113 1385; x_wconf 90' lang='lat' dir='ltr'>cos.</span> <span class='ocrx_word' id='word_1_79' title='bbox 1137 1321 1192 1385; x_wconf 82' lang='lat' dir='ltr'>ult.</span> <span class='ocrx_word' id='word_1_80' title='bbox 1215 1320 1255 1385; x_wconf 91' lang='lat' dir='ltr'>H.</span> 
     </span>
    </p>
   </div>
   <div class='ocr_carea' id='block_1_4' title="bbox 240 1431 1483 2614">
    <p class='ocr_par' dir='ltr' id='par_1_4' title="bbox 395 1431 1484 1725">
     <span class='ocr_line' id='line_1_11' title="bbox 395 1431 1399 1522; baseline 0.001 -19"><span class='ocrx_word' id='word_1_81' title='bbox 395 1439 477 1522; x_wconf 84' lang='lat' dir='ltr'><strong>App.</strong></span> <span class='ocrx_word' id='word_1_82' title='bbox 500 1438 549 1502; x_wconf 91' lang='lat' dir='ltr'>Ib.</span> <span class='ocrx_word' id='word_1_83' title='bbox 572 1440 622 1502; x_wconf 99' lang='grc'><strong>67.</strong></span> <span class='ocrx_word' id='word_1_84' title='bbox 646 1441 705 1500; x_wconf 84' lang='grc' dir='ltr'>τοῦ</span> <span class='ocrx_word' id='word_1_85' title='bbox 737 1431 771 1499; x_wconf 75' lang='grc' dir='ltr'>δ’</span> <span class='ocrx_word' id='word_1_86' title='bbox 796 1433 955 1512; x_wconf 77' lang='grc' dir='ltr'><strong><em>ἐπιόντος</em></strong></span> <span class='ocrx_word' id='word_1_87' title='bbox 984 1433 1079 1513; x_wconf 74' lang='grc' dir='ltr'><strong><em>ἔτους</em></strong></span> <span class='ocrx_word' id='word_1_88' title='bbox 1107 1441 1253 1522; x_wconf 76' lang='grc' dir='ltr'>Κοιντίῳ</span> <span class='ocrx_word' id='word_1_89' title='bbox 1281 1438 1343 1518; x_wconf 79' lang='grc' dir='ltr'>μὲν</span> <span class='ocrx_word' id='word_1_90' title='bbox 1379 1434 1399 1503; x_wconf 86' lang='grc' dir='ltr'><em>δ</em></span> 
     </span>
     <span class='ocr_line' id='line_1_12' title="bbox 396 1530 1400 1623; baseline 0.002 -21"><span class='ocrx_word' id='word_1_91' title='bbox 396 1535 545 1623; x_wconf 79' lang='grc' dir='ltr'>ἀδελφὸς</span> <span class='ocrx_word' id='word_1_92' title='bbox 567 1535 778 1618; x_wconf 83' lang='grc' dir='ltr'><strong><em>Αἰμιλιανοῦ</em></strong></span> <span class='ocrx_word' id='word_1_93' title='bbox 808 1530 938 1618; x_wconf 77' lang='grc' dir='ltr'><strong><em>Φάβιος</em></strong></span> <span class='ocrx_word' id='word_1_94' title='bbox 965 1534 1127 1619; x_wconf 82' lang='grc' dir='ltr'><strong><em>Μάξιμος</em></strong></span> <span class='ocrx_word' id='word_1_95' title='bbox 1155 1537 1400 1622; x_wconf 80' lang='grc' dir='ltr'><strong><em>Σερουιλιανὸς</em></strong></span> 
     </span>
     <span class='ocr_line' id='line_1_13' title="bbox 396 1628 1086 1725; baseline -0.001 -22"><span class='ocrx_word' id='word_1_96' title='bbox 396 1628 503 1725; x_wconf 70' lang='grc' dir='ltr'><strong><em>ἦλθεν</em></strong></span> <span class='ocrx_word' id='word_1_97' title='bbox 527 1635 586 1703; x_wconf 71' lang='grc' dir='ltr'>ἐπὶ</span> <span class='ocrx_word' id='word_1_98' title='bbox 607 1636 668 1723; x_wconf 79' lang='grc' dir='ltr'>τὴν</span> <span class='ocrx_word' id='word_1_99' title='bbox 693 1643 895 1724; x_wconf 76' lang='grc' dir='ltr'><em>στρατηγίαν</em></span> <span class='ocrx_word' id='word_1_100' title='bbox 918 1636 1086 1718; x_wconf 84' lang='grc' dir='ltr'>διάδοχος.</span> 
     </span>
    </p>

    <p class='ocr_par' dir='ltr' id='par_1_5' title="bbox 393 1739 1399 2226">
     <span class='ocr_line' id='line_1_14' title="bbox 395 1739 1397 1827; baseline 0 -20"><span class='ocrx_word' id='word_1_101' title='bbox 395 1741 464 1807; x_wconf 86' lang='lat' dir='ltr'><strong>Liv.</strong></span> <span class='ocrx_word' id='word_1_102' title='bbox 489 1761 538 1824; x_wconf 91' lang='lat' dir='ltr'>ep.</span> <span class='ocrx_word' id='word_1_103' title='bbox 563 1743 613 1804; x_wconf 84' lang='lat'><strong>53.</strong></span> <span class='ocrx_word' id='word_1_104' title='bbox 636 1759 657 1804; x_wconf 87' lang='lat' dir='ltr'>a</span> <span class='ocrx_word' id='word_1_105' title='bbox 678 1739 715 1825; x_wconf 82' lang='lat' dir='ltr'><strong>Q.</strong></span> <span class='ocrx_word' id='word_1_106' title='bbox 732 1739 833 1805; x_wconf 91' lang='lat' dir='ltr'>Fabio</span> <span class='ocrx_word' id='word_1_107' title='bbox 855 1739 1044 1824; x_wconf 77' lang='lat' dir='ltr'>proconsule</span> <span class='ocrx_word' id='word_1_108' title='bbox 1066 1759 1141 1823; x_wconf 87' lang='lat' dir='ltr'>pars</span> <span class='ocrx_word' id='word_1_109' title='bbox 1164 1760 1281 1827; x_wconf 76' lang='lat' dir='ltr'>magna</span> <span class='ocrx_word' id='word_1_110' title='bbox 1303 1740 1397 1807; x_wconf 90' lang='lat' dir='ltr'>Lusi-</span> 
     </span>
     <span class='ocr_line' id='line_1_15' title="bbox 395 1839 1399 1927; baseline -0.003 -20"><span class='ocrx_word' id='word_1_111' title='bbox 395 1841 502 1907; x_wconf 90' lang='lat' dir='ltr'>taniae</span> <span class='ocrx_word' id='word_1_112' title='bbox 531 1840 723 1924; x_wconf 78' lang='lat' dir='ltr'>expugnatis</span> <span class='ocrx_word' id='word_1_113' title='bbox 751 1839 874 1921; x_wconf 82' lang='lat' dir='ltr'>aliquot</span> <span class='ocrx_word' id='word_1_114' title='bbox 898 1840 1029 1907; x_wconf 90' lang='lat' dir='ltr'>urbibus</span> <span class='ocrx_word' id='word_1_115' title='bbox 1052 1847 1182 1927; x_wconf 85' lang='lat' dir='ltr'>recepta</span> <span class='ocrx_word' id='word_1_116' title='bbox 1204 1846 1263 1906; x_wconf 86' lang='lat' dir='ltr'>est.</span> <span class='ocrx_word' id='word_1_117' title='bbox 1286 1876 1329 1885; x_wconf 96' lang='lat'><em>-</em></span> <span class='ocrx_word' id='word_1_118' title='bbox 1350 1875 1399 1887; x_wconf 93' lang='lat'>-</span> 
     </span>
     <span class='ocr_line' id='line_1_16' title="bbox 393 1940 1396 2026; baseline 0.002 -19"><span class='ocrx_word' id='word_1_119' title='bbox 393 1942 437 2007; x_wconf 91' lang='lat' dir='ltr'>ib.</span> <span class='ocrx_word' id='word_1_120' title='bbox 461 1946 511 2006; x_wconf 85' lang='grc'>54.</span> <span class='ocrx_word' id='word_1_121' title='bbox 541 1940 578 2019; x_wconf 89' lang='lat' dir='ltr'><strong>Q.</strong></span> <span class='ocrx_word' id='word_1_122' title='bbox 607 1941 728 2007; x_wconf 83' lang='lat' dir='ltr'>Fabius</span> <span class='ocrx_word' id='word_1_123' title='bbox 755 1944 925 2026; x_wconf 86' lang='lat' dir='ltr'>proconsul</span> <span class='ocrx_word' id='word_1_124' title='bbox 953 1942 1048 2011; x_wconf 88' lang='lat' dir='ltr'>rebus</span> <span class='ocrx_word' id='word_1_125' title='bbox 1075 1941 1109 2006; x_wconf 91' lang='lat' dir='ltr'>in</span> <span class='ocrx_word' id='word_1_126' title='bbox 1136 1941 1294 2025; x_wconf 83' lang='lat' dir='ltr'>Hispania</span> <span class='ocrx_word' id='word_1_127' title='bbox 1321 1963 1396 2026; x_wconf 81' lang='lat' dir='ltr'>pro</span> 
     </span>
     <span class='ocr_line' id='line_1_17' title="bbox 394 2042 1397 2128; baseline -0.001 -18"><span class='ocrx_word' id='word_1_128' title='bbox 394 2063 487 2128; x_wconf 89' lang='lat' dir='ltr'>spere</span> <span class='ocrx_word' id='word_1_129' title='bbox 508 2042 608 2126; x_wconf 84' lang='lat' dir='ltr'>gestis</span> <span class='ocrx_word' id='word_1_130' title='bbox 630 2042 738 2115; x_wconf 86' lang='lat' dir='ltr'>labem</span> <span class='ocrx_word' id='word_1_131' title='bbox 760 2042 910 2126; x_wconf 79' lang='lat' dir='ltr'>imposuit</span> <span class='ocrx_word' id='word_1_132' title='bbox 931 2061 1011 2128; x_wconf 89' lang='lat' dir='ltr'>pace</span> <span class='ocrx_word' id='word_1_133' title='bbox 1033 2063 1104 2108; x_wconf 91' lang='lat' dir='ltr'>cum</span> <span class='ocrx_word' id='word_1_134' title='bbox 1120 2042 1264 2109; x_wconf 87' lang='lat' dir='ltr'>Viriatho</span> <span class='ocrx_word' id='word_1_135' title='bbox 1279 2045 1397 2123; x_wconf 84' lang='lat' dir='ltr'>aequis</span> 
     </span>
     <span class='ocr_line' id='line_1_18' title="bbox 395 2142 1144 2226; baseline -0.004 -16"><span class='ocrx_word' id='word_1_136' title='bbox 395 2143 634 2211; x_wconf 77' lang='lat' dir='ltr'>condicionibus</span> <span class='ocrx_word' id='word_1_137' title='bbox 656 2142 751 2208; x_wconf 85' lang='lat' dir='ltr'>facta.</span> <span class='ocrx_word' id='word_1_138' title='bbox 796 2143 834 2210; x_wconf 84' lang='lat' dir='ltr'>cf.</span> <span class='ocrx_word' id='word_1_139' title='bbox 858 2145 942 2210; x_wconf 90' lang='lat' dir='ltr'>Flor.</span> <span class='ocrx_word' id='word_1_140' title='bbox 966 2147 996 2226; x_wconf 79' lang='lat'>2,</span> <span class='ocrx_word' id='word_1_141' title='bbox 1022 2147 1070 2226; x_wconf 84' lang='lat'>17,</span> <span class='ocrx_word' id='word_1_142' title='bbox 1096 2147 1144 2208; x_wconf 83' lang='lat'><strong>17.</strong></span> 
     </span>
    </p>

    <p class='ocr_par' dir='ltr' id='par_1_6' title="bbox 240 2243 1483 2614">
     <span class='ocr_line' id='line_1_19' title="bbox 326 2243 1395 2328; baseline 0 -18"><span class='ocrx_word' id='word_1_143' title='bbox 326 2245 364 2325; x_wconf 93' lang='lat' dir='ltr'><strong>Q.</strong></span> <span class='ocrx_word' id='word_1_144' title='bbox 380 2244 501 2321; x_wconf 80' lang='lat' dir='ltr'>Fabius</span> <span class='ocrx_word' id='word_1_145' title='bbox 522 2243 681 2309; x_wconf 86' lang='lat' dir='ltr'>Maximus</span> <span class='ocrx_word' id='word_1_146' title='bbox 704 2244 904 2310; x_wconf 85' lang='lat' dir='ltr'>Servilianus</span> <span class='ocrx_word' id='word_1_147' title='bbox 927 2265 998 2310; x_wconf 89' lang='lat' dir='ltr'>cum</span> <span class='ocrx_word' id='word_1_148' title='bbox 1024 2243 1148 2310; x_wconf 89' lang='lat' dir='ltr'>duabus</span> <span class='ocrx_word' id='word_1_149' title='bbox 1171 2243 1317 2328; x_wconf 82' lang='lat' dir='ltr'>epitomis</span> <span class='ocrx_word' id='word_1_150' title='bbox 1340 2244 1395 2310; x_wconf 90' lang='lat' dir='ltr'>Li-</span> 
     </span>
     <span class='ocr_line' id='line_1_20' title="bbox 240 2330 1483 2435; baseline -0.002 -22"><span class='ocrx_word' id='word_1_151' title='bbox 240 2347 344 2413; x_wconf 80' lang='lat' dir='ltr'>uianis</span> <span class='ocrx_word' id='word_1_152' title='bbox 365 2347 534 2430; x_wconf 88' lang='lat' dir='ltr'>proconsul</span> <span class='ocrx_word' id='word_1_153' title='bbox 556 2345 736 2431; x_wconf 87' lang='lat' dir='ltr'>appelletur</span> <span class='ocrx_word' id='word_1_154' title='bbox 759 2353 791 2412; x_wconf 88' lang='lat' dir='ltr'>ct</span> <span class='ocrx_word' id='word_1_155' title='bbox 813 2330 923 2412; x_wconf 77' lang='lat' dir='ltr'>consul</span> <span class='ocrx_word' id='word_1_156' title='bbox 945 2345 1019 2411; x_wconf 87' lang='lat' dir='ltr'>anni</span> <span class='ocrx_word' id='word_1_157' title='bbox 1036 2351 1098 2411; x_wconf 84' lang='grc'><strong>674</strong></span> <span class='ocrx_word' id='word_1_158' title='bbox 1114 2347 1144 2414; x_wconf 88' lang='lat' dir='ltr'>ei</span> <span class='ocrx_word' id='word_1_159' title='bbox 1158 2365 1323 2413; x_wconf 86' lang='lat' dir='ltr'>successor</span> <span class='ocrx_word' id='word_1_160' title='bbox 1341 2346 1395 2430; x_wconf 84' lang='lat' dir='ltr'>sit,</span> <span class='ocrx_word' id='word_1_161' title='bbox 1482 2388 1483 2435; x_wconf 55' lang='lat'>3</span> 
     </span>
     <span class='ocr_line' id='line_1_21' title="bbox 241 2445 1394 2535; baseline 0.004 -21"><span class='ocrx_word' id='word_1_162' title='bbox 241 2468 307 2524; x_wconf 89' lang='lat' dir='ltr'>non</span> <span class='ocrx_word' id='word_1_163' title='bbox 333 2446 465 2513; x_wconf 90' lang='lat' dir='ltr'>dubium</span> <span class='ocrx_word' id='word_1_164' title='bbox 494 2453 559 2529; x_wconf 86' lang='lat' dir='ltr'>est,</span> <span class='ocrx_word' id='word_1_165' title='bbox 589 2445 665 2527; x_wconf 92' lang='lat' dir='ltr'>quin</span> <span class='ocrx_word' id='word_1_166' title='bbox 695 2447 725 2513; x_wconf 90' lang='lat' dir='ltr'>ei</span> <span class='ocrx_word' id='word_1_167' title='bbox 754 2446 923 2535; x_wconf 89' lang='lat' dir='ltr'>imperium</span> <span class='ocrx_word' id='word_1_168' title='bbox 951 2448 984 2514; x_wconf 92' lang='lat' dir='ltr'>in</span> <span class='ocrx_word' id='word_1_169' title='bbox 1012 2468 1130 2514; x_wconf 90' lang='lat' dir='ltr'>annum</span> <span class='ocrx_word' id='word_1_170' title='bbox 1157 2452 1218 2512; x_wconf 83' lang='lat'>613</span> <span class='ocrx_word' id='word_1_171' title='bbox 1241 2466 1394 2533; x_wconf 73' lang='lat' dir='ltr'>proroge-</span> 
     </span>
     <span class='ocr_line' id='line_1_22' title="bbox 241 2544 1483 2614; baseline -0.001 0"><span class='ocrx_word' id='word_1_172' title='bbox 241 2554 308 2614; x_wconf 87' lang='lat' dir='ltr'>tum</span> <span class='ocrx_word' id='word_1_173' title='bbox 330 2548 381 2614; x_wconf 88' lang='lat' dir='ltr'>sit.</span> <span class='ocrx_word' id='word_1_174' title='bbox 1482 2544 1483 2565; x_wconf 65' lang='lat'>¹</span> 
     </span>
    </p>
   </div>
   <div class='ocr_carea' id='block_1_5' title="bbox 241 2663 1004 2749">
    <p class='ocr_par' dir='ltr' id='par_1_7' title="bbox 241 2663 1004 2749">
     <span class='ocr_line' id='line_1_23' title="bbox 241 2663 1004 2749; baseline 0.001 -18"><span class='ocrx_word' id='word_1_175' title='bbox 241 2670 421 2732; x_wconf 76' lang='lat' dir='ltr'>crs-614.</span> <span class='ocrx_word' id='word_1_176' title='bbox 444 2663 481 2744; x_wconf 88' lang='lat' dir='ltr'><strong>Q</strong></span> <span class='ocrx_word' id='word_1_177' title='bbox 504 2665 676 2749; x_wconf 88' lang='lat' dir='ltr'>Pompeius</span> <span class='ocrx_word' id='word_1_178' title='bbox 697 2666 735 2730; x_wconf 89' lang='lat' dir='ltr'>A.</span> <span class='ocrx_word' id='word_1_179' title='bbox 758 2666 779 2731; x_wconf 88' lang='lat' dir='ltr'><strong>f.</strong></span> <span class='ocrx_word' id='word_1_180' title='bbox 803 2685 866 2733; x_wconf 90' lang='lat' dir='ltr'>cos.</span> <span class='ocrx_word' id='word_1_181' title='bbox 889 2667 941 2734; x_wconf 91' lang='lat' dir='ltr'>cit.</span> <span class='ocrx_word' id='word_1_182' title='bbox 964 2669 1004 2733; x_wconf 93' lang='lat' dir='ltr'>H.</span> 
     </span>
    </p>
   </div>
   <div class='ocr_carea' id='block_1_6' title="bbox 390 2782 1483 3277">
    <p class='ocr_par' dir='ltr' id='par_1_8' title="bbox 390 2782 1483 3071">
     <span class='ocr_line' id='line_1_24' title="bbox 392 2782 1483 2872; baseline 0.004 -27"><span class='ocrx_word' id='word_1_183' title='bbox 392 2784 476 2866; x_wconf 86' lang='lat' dir='ltr'>App.</span> <span class='ocrx_word' id='word_1_184' title='bbox 491 2783 538 2860; x_wconf 86' lang='lat' dir='ltr'>Ib.</span> <span class='ocrx_word' id='word_1_185' title='bbox 553 2784 605 2847; x_wconf 89' lang='grc'><strong>76.</strong></span> <span class='ocrx_word' id='word_1_186' title='bbox 627 2783 803 2859; x_wconf 71' lang='grc' dir='ltr'>Μέτελλος</span> <span class='ocrx_word' id='word_1_187' title='bbox 816 2784 879 2864; x_wconf 74' lang='grc' dir='ltr'>μὲν</span> <span class='ocrx_word' id='word_1_188' title='bbox 895 2782 935 2869; x_wconf 81' lang='grc' dir='ltr'>δὴ</span> <span class='ocrx_word' id='word_1_189' title='bbox 953 2784 1035 2849; x_wconf 85' lang='grc' dir='ltr'><em>κατὰ</em></span> <span class='ocrx_word' id='word_1_190' title='bbox 1050 2790 1200 2867; x_wconf 84' lang='grc' dir='ltr'><strong><em>χειμῶνα</em></strong></span> <span class='ocrx_word' id='word_1_191' title='bbox 1214 2782 1274 2871; x_wconf 77' lang='grc' dir='ltr'>τὴν</span> <span class='ocrx_word' id='word_1_192' title='bbox 1291 2805 1395 2872; x_wconf 72' lang='lat' dir='ltr'>urpa-</span> <span class='ocrx_word' id='word_1_193' title='bbox 1482 2814 1483 2825; x_wconf 47' lang='grc' dir='ltr'><strong><em>ν</em></strong></span> 
     </span>
     <span class='ocr_line' id='line_1_25' title="bbox 391 2881 1396 2973; baseline 0.004 -26"><span class='ocrx_word' id='word_1_194' title='bbox 391 2881 466 2957; x_wconf 71' lang='grc' dir='ltr'><strong><em>τιὰν,</em></strong></span> <span class='ocrx_word' id='word_1_195' title='bbox 482 2883 613 2969; x_wconf 78' lang='grc' dir='ltr'><strong><em>Κοΐντῳ</em></strong></span> <span class='ocrx_word' id='word_1_196' title='bbox 628 2888 801 2970; x_wconf 76' lang='grc' dir='ltr'><strong><em>Πομπηίῳ</em></strong></span> <span class='ocrx_word' id='word_1_197' title='bbox 816 2881 934 2951; x_wconf 67' lang='grc' dir='ltr'><strong><em>Αὔλου</em></strong></span> <span class='ocrx_word' id='word_1_198' title='bbox 958 2884 1021 2971; x_wconf 76' lang='grc' dir='ltr'>υἱῷ</span> <span class='ocrx_word' id='word_1_199' title='bbox 1045 2884 1193 2971; x_wconf 77' lang='grc' dir='ltr'>διαδόχῳ</span> <span class='ocrx_word' id='word_1_200' title='bbox 1210 2891 1272 2973; x_wconf 85' lang='grc' dir='ltr'>τῆς</span> <span class='ocrx_word' id='word_1_201' title='bbox 1289 2908 1396 2972; x_wconf 58' lang='lat' dir='ltr'>capa-v</span> 
     </span>
     <span class='ocr_line' id='line_1_26' title="bbox 390 2983 983 3071; baseline 0.005 -22"><span class='ocrx_word' id='word_1_202' title='bbox 390 2988 508 3070; x_wconf 72' lang='grc' dir='ltr'><strong><em>ταμίας</em></strong></span> <span class='ocrx_word' id='word_1_203' title='bbox 530 2983 564 3049; x_wconf 82' lang='grc' dir='ltr'>οἱ</span> <span class='ocrx_word' id='word_1_204' title='bbox 585 2991 753 3071; x_wconf 76' lang='grc' dir='ltr'><strong><em>γενομένῳ</em></strong></span> <span class='ocrx_word' id='word_1_205' title='bbox 775 2983 983 3068; x_wconf 74' lang='grc' dir='ltr'>παρέδωκαν.</span> 
     </span>
    </p>

    <p class='ocr_par' dir='ltr' id='par_1_9' title="bbox 391 3084 1392 3277">
     <span class='ocr_line' id='line_1_27' title="bbox 391 3084 1391 3179; baseline 0.005 -30"><span class='ocrx_word' id='word_1_206' title='bbox 391 3086 473 3171; x_wconf 88' lang='lat' dir='ltr'>App.</span> <span class='ocrx_word' id='word_1_207' title='bbox 489 3087 599 3157; x_wconf 60' lang='lat' dir='ltr'>[aas.</span> <span class='ocrx_word' id='word_1_208' title='bbox 614 3091 890 3169; x_wconf 56' lang='grc' dir='ltr'><strong><em>παραγενομένου</em></strong></span> <span class='ocrx_word' id='word_1_209' title='bbox 908 3084 943 3152; x_wconf 76' lang='grc' dir='ltr'>δ’</span> <span class='ocrx_word' id='word_1_210' title='bbox 960 3085 1051 3174; x_wconf 73' lang='grc' dir='ltr'><em>αὐτῷ</em></span> <span class='ocrx_word' id='word_1_211' title='bbox 1068 3086 1231 3179; x_wconf 83' lang='grc' dir='ltr'>διαδόχου</span> <span class='ocrx_word' id='word_1_212' title='bbox 1242 3087 1391 3174; x_wconf 80' lang='grc' dir='ltr'><strong><em>Μάρκου</em></strong></span> 
     </span>
     <span class='ocr_line' id='line_1_28' title="bbox 393 3185 1392 3277; baseline 0.008 -26"><span class='ocrx_word' id='word_1_213' title='bbox 393 3188 565 3251; x_wconf 65' lang='grc' dir='ltr'><strong><em>Πουπλίου</em></strong></span> <span class='ocrx_word' id='word_1_214' title='bbox 588 3190 706 3250; x_wconf 81' lang='grc' dir='ltr'><strong><em>Λαίνα</em></strong></span> <span class='ocrx_word' id='word_1_215' title='bbox 735 3185 770 3249; x_wconf 79' lang='grc' dir='ltr'>οἱ</span> <span class='ocrx_word' id='word_1_216' title='bbox 797 3187 858 3267; x_wconf 81' lang='grc' dir='ltr'>μὲν</span> <span class='ocrx_word' id='word_1_217' title='bbox 882 3185 1007 3273; x_wconf 70' lang='grc' dir='ltr'><strong><em>ἔφερον</em></strong></span> <span class='ocrx_word' id='word_1_218' title='bbox 1029 3187 1070 3257; x_wconf 78' lang='grc' dir='ltr'>τὰ</span> <span class='ocrx_word' id='word_1_219' title='bbox 1093 3188 1198 3255; x_wconf 80' lang='grc' dir='ltr'><strong><em>λοιπὰ</em></strong></span> <span class='ocrx_word' id='word_1_220' title='bbox 1219 3194 1286 3254; x_wconf 87' lang='grc' dir='ltr'>τιῦν</span> <span class='ocrx_word' id='word_1_221' title='bbox 1307 3214 1392 3277; x_wconf 76' lang='grc' dir='ltr'><strong>χρη.-</strong></span> 
     </span>
    </p>
   </div>
   <div class='ocr_carea' id='block_1_7' title="bbox 115 3284 1391 3780">
    <p class='ocr_par' dir='ltr' id='par_1_10' title="bbox 391 3284 1389 3377">
     <span class='ocr_line' id='line_1_29' title="bbox 391 3284 1389 3377; baseline 0.005 -24"><span class='ocrx_word' id='word_1_222' title='bbox 391 3284 515 3368; x_wconf 60' lang='lat' dir='ltr'>aanor.</span> <span class='ocrx_word' id='word_1_223' title='bbox 553 3287 591 3352; x_wconf 84' lang='lat' dir='ltr'>cf.</span> <span class='ocrx_word' id='word_1_224' title='bbox 614 3286 710 3355; x_wconf 88' lang='lat' dir='ltr'>Diod.</span> <span class='ocrx_word' id='word_1_225' title='bbox 733 3289 785 3371; x_wconf 82' lang='lat'>33,</span> <span class='ocrx_word' id='word_1_226' title='bbox 810 3293 858 3354; x_wconf 88' lang='lat'><strong>17.</strong></span> <span class='ocrx_word' id='word_1_227' title='bbox 894 3288 964 3356; x_wconf 86' lang='lat' dir='ltr'><strong>Liv.</strong></span> <span class='ocrx_word' id='word_1_228' title='bbox 985 3311 1035 3375; x_wconf 89' lang='lat' dir='ltr'>ep.</span> <span class='ocrx_word' id='word_1_229' title='bbox 1059 3290 1122 3358; x_wconf 76' lang='lat'>54.</span> <span class='ocrx_word' id='word_1_230' title='bbox 1144 3291 1228 3358; x_wconf 86' lang='lat' dir='ltr'>Flor.</span> <span class='ocrx_word' id='word_1_231' title='bbox 1246 3296 1343 3377; x_wconf 51' lang='grc'><strong>2,,18,</strong></span> <span class='ocrx_word' id='word_1_232' title='bbox 1360 3298 1389 3359; x_wconf 83' lang='grc'>4.</span> 
     </span>
    </p>

    <p class='ocr_par' dir='ltr' id='par_1_11' title="bbox 115 3386 1391 3780">
     <span class='ocr_line' id='line_1_30' title="bbox 391 3386 693 3457; baseline -0.017 0"><span class='ocrx_word' id='word_1_233' title='bbox 391 3388 454 3457; x_wconf 90' lang='lat' dir='ltr'>Dio</span> <span class='ocrx_word' id='word_1_234' title='bbox 476 3388 512 3453; x_wconf 84' lang='lat' dir='ltr'>ir.</span> <span class='ocrx_word' id='word_1_235' title='bbox 536 3392 575 3451; x_wconf 86' lang='lat'>77</span> <span class='ocrx_word' id='word_1_236' title='bbox 598 3386 693 3452; x_wconf 90' lang='lat' dir='ltr'>Dind.</span> 
     </span>
     <span class='ocr_line' id='line_1_31' title="bbox 323 3488 1391 3573; baseline 0.007 -18"><span class='ocrx_word' id='word_1_237' title='bbox 323 3488 495 3572; x_wconf 89' lang='lat' dir='ltr'>Pompeius</span> <span class='ocrx_word' id='word_1_238' title='bbox 517 3506 588 3565; x_wconf 79' lang='lat' dir='ltr'>cum</span> <span class='ocrx_word' id='word_1_239' title='bbox 610 3508 723 3572; x_wconf 89' lang='lat' dir='ltr'>paoem</span> <span class='ocrx_word' id='word_1_240' title='bbox 746 3509 817 3557; x_wconf 88' lang='lat' dir='ltr'>cum</span> <span class='ocrx_word' id='word_1_241' title='bbox 831 3491 1035 3560; x_wconf 85' lang='lat' dir='ltr'>Numantinis</span> <span class='ocrx_word' id='word_1_242' title='bbox 1056 3492 1174 3573; x_wconf 89' lang='lat' dir='ltr'>iniquis</span> <span class='ocrx_word' id='word_1_243' title='bbox 1196 3492 1391 3563; x_wconf 63' lang='lat' dir='ltr'>conducat</span> 
     </span>
     <span class='ocr_line' id='line_1_32' title="bbox 239 3590 1389 3680; baseline 0.005 -24"><span class='ocrx_word' id='word_1_244' title='bbox 239 3591 299 3667; x_wconf 77' lang='lat' dir='ltr'>bus</span> <span class='ocrx_word' id='word_1_245' title='bbox 325 3590 468 3667; x_wconf 82' lang='lat' dir='ltr'>iecisset,</span> <span class='ocrx_word' id='word_1_246' title='bbox 498 3590 689 3662; x_wconf 84' lang='lat' dir='ltr'>successoris</span> <span class='ocrx_word' id='word_1_247' title='bbox 719 3592 864 3663; x_wconf 86' lang='lat' dir='ltr'>convicia</span> <span class='ocrx_word' id='word_1_248' title='bbox 893 3598 1086 3677; x_wconf 76' lang='lat' dir='ltr'>senatusque</span> <span class='ocrx_word' id='word_1_249' title='bbox 1107 3615 1246 3680; x_wconf 86' lang='lat' dir='ltr'>poenam</span> <span class='ocrx_word' id='word_1_250' title='bbox 1267 3596 1389 3671; x_wconf 63' lang='lat' dir='ltr'>verim</span> 
     </span>
     <span class='ocr_line' id='line_1_33' title="bbox 115 3689 1387 3780; baseline 0.006 -24"><span class='ocrx_word' id='word_1_251' title='bbox 115 3763 119 3769; x_wconf 23' lang='lat'>⁸</span> <span class='ocrx_word' id='word_1_252' title='bbox 237 3692 281 3757; x_wconf 90' lang='lat' dir='ltr'>ad</span> <span class='ocrx_word' id='word_1_253' title='bbox 302 3689 512 3757; x_wconf 88' lang='lat' dir='ltr'>mendacium</span> <span class='ocrx_word' id='word_1_254' title='bbox 526 3689 668 3774; x_wconf 83' lang='lat' dir='ltr'>confugit</span> <span class='ocrx_word' id='word_1_255' title='bbox 689 3698 722 3758; x_wconf 89' lang='lat' dir='ltr'>et</span> <span class='ocrx_word' id='word_1_256' title='bbox 742 3692 863 3759; x_wconf 89' lang='lat' dir='ltr'>Romae</span> <span class='ocrx_word' id='word_1_257' title='bbox 885 3695 1033 3778; x_wconf 90' lang='lat' dir='ltr'>precibus</span> <span class='ocrx_word' id='word_1_258' title='bbox 1054 3695 1247 3780; x_wconf 82' lang='lat' dir='ltr'>impetravit,</span> <span class='ocrx_word' id='word_1_259' title='bbox 1272 3703 1308 3763; x_wconf 90' lang='lat' dir='ltr'>ut</span> <span class='ocrx_word' id='word_1_260' title='bbox 1329 3697 1387 3763; x_wconf 73' lang='lat' dir='ltr'>im</span> 
     </span>
    </p>
   </div>
   <div class='ocr_carea' id='block_1_8' title="bbox 236 3920 1482 4075">
    <p class='ocr_par' dir='ltr' id='par_1_12' title="bbox 236 3920 1482 4075">
     <span class='ocr_line' id='line_1_34' title="bbox 323 3920 1482 3998; baseline 0.013 -22"><span class='ocrx_word' id='word_1_261' title='bbox 323 3926 348 3989; x_wconf 89' lang='lat' dir='ltr'>t)</span> <span class='ocrx_word' id='word_1_262' title='bbox 367 3920 517 3991; x_wconf 74' lang='lat' dir='ltr'>estange</span> <span class='ocrx_word' id='word_1_263' title='bbox 534 3922 568 3978; x_wconf 83' lang='lat' dir='ltr'><strong>R.</strong></span> <span class='ocrx_word' id='word_1_264' title='bbox 587 3924 619 3977; x_wconf 76' lang='lat' dir='ltr'><strong>A.</strong></span> <span class='ocrx_word' id='word_1_265' title='bbox 636 3924 672 3990; x_wconf 84' lang='lat' dir='ltr'>lI¹</span> <span class='ocrx_word' id='word_1_266' title='bbox 690 3929 749 3980; x_wconf 79' lang='lat'><strong>320.</strong></span> <span class='ocrx_word' id='word_1_267' title='bbox 786 3924 928 3989; x_wconf 85' lang='lat' dir='ltr'>Drnmanu</span> <span class='ocrx_word' id='word_1_268' title='bbox 944 3928 991 3995; x_wconf 81' lang='lat' dir='ltr'>IV,</span> <span class='ocrx_word' id='word_1_269' title='bbox 1009 3931 1066 3984; x_wconf 65' lang='lat'>30&amp;</span> <span class='ocrx_word' id='word_1_270' title='bbox 1163 3931 1188 3993; x_wconf 83' lang='lat'>2)</span> <span class='ocrx_word' id='word_1_271' title='bbox 1206 3927 1263 3985; x_wconf 83' lang='lat' dir='ltr'>Lir.</span> <span class='ocrx_word' id='word_1_272' title='bbox 1282 3943 1325 3998; x_wconf 91' lang='lat' dir='ltr'>ep.</span> <span class='ocrx_word' id='word_1_273' title='bbox 1344 3932 1387 3985; x_wconf 76' lang='lat'>53.</span> <span class='ocrx_word' id='word_1_274' title='bbox 1481 3928 1482 3991; x_wconf 73' lang='lat'><em>3</em></span> 
     </span>
     <span class='ocr_line' id='line_1_35' title="bbox 236 4005 1482 4075; baseline -0.002 -11"><span class='ocrx_word' id='word_1_275' title='bbox 236 4007 272 4064; x_wconf 75' lang='lat' dir='ltr'><strong>of.</strong></span> <span class='ocrx_word' id='word_1_276' title='bbox 290 4006 351 4063; x_wconf 66' lang='lat' dir='ltr'>Vssl.</span> <span class='ocrx_word' id='word_1_277' title='bbox 369 4005 442 4061; x_wconf 71' lang='lat' dir='ltr'>Max.</span> <span class='ocrx_word' id='word_1_278' title='bbox 461 4012 486 4073; x_wconf 87' lang='grc'><strong>7,</strong></span> <span class='ocrx_word' id='word_1_279' title='bbox 503 4013 528 4075; x_wconf 86' lang='grc'>4,</span> <span class='ocrx_word' id='word_1_280' title='bbox 546 4013 571 4064; x_wconf 83' lang='grc'>5.</span> <span class='ocrx_word' id='word_1_281' title='bbox 593 4011 619 4075; x_wconf 84' lang='grc'>9,</span> <span class='ocrx_word' id='word_1_282' title='bbox 638 4012 662 4074; x_wconf 82' lang='grc'>3,</span> <span class='ocrx_word' id='word_1_283' title='bbox 680 4014 706 4063; x_wconf 86' lang='grc'><strong>7.</strong></span> <span class='ocrx_word' id='word_1_284' title='bbox 1481 4028 1482 4061; x_wconf 73' lang='lat'>1</span> 
     </span>
    </p>
   </div>
   <div class='ocr_carea' id='block_1_9' title="bbox 0 0 1502 4784">
    <p class='ocr_par' dir='ltr' id='par_1_13' title="bbox 0 0 1502 4784">
     <span class='ocr_line' id='line_1_36' title="bbox 0 0 1502 4784; baseline 0 1"><span class='ocrx_word' id='word_1_285' title='bbox 0 0 1502 4784; x_wconf 95' lang='lat' dir='ltr'> </span> 
     </span>
    </p>
   </div>
  </div>
 </body>
</html>
